2982 4885
610 537 696 613 40
1293 558 1342 599 s.
1397 554 1521 601 use
1535 555 1663 602 sau
1712 554 1985 601 meva-ru

514 656 523 663 ¹
607 700 635 734 ι
656 670 837 737 uxori
868 694 997 737 suae
1020 720 1040 749 ,
1073 683 1139 737 et
1166 686 1356 739 erunt
1392 673 1459 739 hi
1493 674 1623 737 duo
1658 673 1724 737 in
1755 696 2015 739 carnem
2039 671 2296 739 unam'.
2329 674 2442 741 »Si
2473 678 2662 768 igitur

613 775 875 843 dilectio
906 778 1112 844 carnis
1134 780 1226 844 sic
1260 779 1336 843 ab
1369 778 1544 843 omni
1580 768 1793 843 amoro
1825 779 2046 853 solvit,
2074 793 2317 867 quanto
2347 785 2549 873 magis
2588 786 2654 861 ii,

610 883 719 969 qui
776 883 945 971 digni
999 882 1200 948 habiti
1241 898 1391 950 sunt
1438 906 1586 949 vera
1632 883 2115 973 participatione
2168 883 2442 973 Spiritus
2494 890 2655 956 illius

608 987 809 1050 sancti
834 1035 851 1061 ,
900 988 1171 1052 coelestis
1214 1010 1287 1053 ac
1336 988 1598 1063 dilecti,
1645 989 1724 1053 ab
1759 989 1931 1053 omui
1969 1011 2184 1053 amore
2217 993 2438 1057 mundi
2465 1016 2656 1084 expe-

606 1090 888 1165 dientur,
942 1104 1007 1157 et
1052 1092 1262 1156 omnia
1316 1093 1464 1180 ipsis
1521 1093 1839 1181 superflua
1885 1093 2315 1171 videbuntur3
2362 1120 2438 1162 eo
2486 1101 2653 1187 quod

603 1195 849 1259 coelesti
881 1196 1194 1260 desiderio
1228 1196 1379 1261 victi
1408 1210 1474 1263 et
1510 1198 1713 1285 lapsui
1752 1198 1889 1285 ejus
1920 1199 2080 1264 uniti
2120 1214 2282 1266 sunt.
2319 1202 2453 1267 lllic
2486 1205 2653 1269 enim

606 1300 918 1366 desideria
939 1350 957 1375 ,
989 1300 1116 1367 illic
1154 1303 1568 1391 cogitationes
1600 1327 1742 1369 suas
1769 1306 2118 1393 deponunt,
2141 1305 2268 1372 illic
2298 1309 2542 1384 vivunt,
2575 1310 2654 1375 il-

605 1404 689 1470 lic
736 1405 1150 1494 cogitationes
1185 1432 1409 1474 eorum
1455 1410 2033 1500 circumvagantur,
2081 1425 2267 1500 atque
2300 1416 2427 1481 illic
2474 1439 2652 1484 mens

604 1510 854 1576 assidue
889 1513 1096 1600 degit,
1140 1514 1352 1579 divino
1396 1537 1469 1580 ac
1501 1516 1742 1582 coelesti
1777 1520 1996 1583 &more
2025 1530 2092 1584 et
2125 1518 2431 1585 desiderio
2463 1522 2654 1610 spiri—

599 1614 756 1679 tuali
788 1629 1102 1705 superata.
1206 1642 1223 1655 ·

691 1719 863 1785 XVI.
892 1722 1196 1789 „Tandem
1245 1722 1460 1789 dilecti
1520 1725 1746 1791 fratres
1773 1775 1792 1802 ,
1851 1749 2002 1794 cum
2071 1741 2241 1796 tanta
2293 1731 2474 1797 nobis
2525 1734 2647 1800 sint

600 1824 813 1889 oblata
859 1825 1070 1900 bona,
1115 1838 1180 1892 et
1225 1838 1415 1893 tantae
1460 1831 1909 1917 promissiones
1960 1836 2180 1911 sactae,
2216 1837 2406 1925 agite,
2437 1840 2643 1904 omnia

602 1929 1058 2018 impedimenta
1094 1956 1130 1997 a
1169 1933 1353 1998 nobis
1385 1934 1749 2023 rejiciamus
1772 1988 1791 2015 ,
1827 1962 2083 2007 omnem
2114 1946 2397 2009 amorem
2427 1946 2647 2019 mundi

606 2056 997 2114 aversemur,
1041 2050 1227 2127 atque
1269 2040 1421 2108 huic
1464 2044 1580 2111 soli
1619 2046 1787 2111 bono
1833 2050 2356 2139 pervestigatione
2387 2066 2452 2118 et
2484 2051 2647 2118 desi-

603 2136 782 2206 derio
829 2164 946 2208 nos
995 2145 1300 2210 dedamus
1327 2195 1346 2222 ,
1395 2160 1468 2214 ut
1516 2150 1830 2238 possimus
1853 2155 2199 2245 participes
2232 2155 2367 2221 fieri
2405 2181 2645 2223 arcanae

599 2248 766 2313 illius
792 2250 1151 2317 dilectionis
1175 2250 1467 2341 Spiritus,
1506 2259 1585 2323 ad
1609 2282 1803 2346 quam
1833 2262 2013 2327 divus
2034 2264 2263 2330 Paulus
2287 2287 2401 2329 nos
2427 2266 2647 2332 adhor-

598 2364 769 2419 tatus
799 2367 894 2420 est
918 2403 937 2430 ,
971 2368 1046 2422 ut
1079 2360 1511 2427 acceleremus
1556 2385 1622 2427 t«
1655 2364 2038 2445 Sectamini,
2092 2369 2381 2457 inquiens
2406 2419 2423 2446 ,
2459 2371 2644 2437 dilec-

601 2459 885 2526 »tionem
911 2459 934 2494 ²
960 2509 978 2535 ,
1008 2490 1033 2523 ι
1082 2477 1153 2529 ut
1191 2466 1364 2554 digni
1412 2468 1635 2534 haberi
1666 2472 2015 2559 possimuS,
2063 2497 2335 2562 quorum
2365 2489 2646 2542 mutetur

599 2563 862 2632 durities
903 2591 1019 2656 per
1056 2568 1345 2635 dextram
1375 2571 1717 2651 Altissimi,
1753 2589 1820 2642 et
1848 2590 1919 2643 ut
1948 2581 2386 2668 perveniamus
2411 2585 2490 2648 ad
2511 2605 2645 2648 sua·

595 2671 853 2735 vitatem
901 2685 966 2737 et
1022 2675 1309 2761 requiem
1363 2677 1754 2765 spiritualem
1783 2731 1802 2759 ‚
1865 2681 2081 2750 amore
2133 2684 2324 2752 divini
2376 2688 2643 2777 Spiritus

597 2777 882 2843 sauciati.
924 2778 1236 2843 Dominus
1268 2780 1437 2846 enim
1471 2785 1670 2850 multa
1704 2787 1768 2853 in
1802 2789 2093 2857 homines
2128 2793 2327 2859 fertur
2354 2794 2645 2883 benigni-

597 2894 765 2961 tate,
802 2897 869 2950 et
891 2884 1113 2951 intima
1139 2887 1571 2958 misericordia
1605 2896 1908 2984 tangitur,
1945 2898 1995 2963 si
2029 2904 2282 2990 quando
2319 2904 2435 2969 toti
2459 2927 2643 2992 pror-

604 3014 712 3056 sus
756 2993 836 3057 ad
880 3014 1031 3058 eum
1084 3008 1554 3077 convertamur,
1614 3004 1695 3069 ab
1750 3006 2085 3084 omnibus,
2141 3032 2282 3097 quae
2327 3008 2640 3076 contraria

600 3109 781 3172 sunt,
832 3119 949 3162 nos
1003 3096 1361 3186 eripientes.
1426 3105 1732 3184 Quamvis
1785 3110 1956 3176 enim
2009 3136 2124 3178 nos
2164 3137 2279 3202 per
2329 3137 2640 3180 summam

530 3254 551 3279 ,
597 3201 1053 3290 ignorantiam,
1102 3203 1481 3285 infantiam,
1536 3234 1608 3276 ac
1657 3214 2063 3302 anticipatam
2108 3218 2186 3283 de
2225 3220 2461 3285 malitia
2503 3220 2642 3309 opi-

601 3307 861 3371 nionem
905 3329 1268 3375 aversemur
1308 3335 1523 3380 veram
1567 3317 1787 3395 vitam,
1842 3343 1914 3386 ac
1960 3322 2411 3411 impedimenta
2443 3328 2637 3391 multa

595 3411 778 3476 nobis
810 3413 926 3501 ipsi
960 3437 1306 3502 ponamus,
1344 3441 1562 3486 revera
1596 3424 1966 3513 resipiscere
1999 3430 2285 3494 nolentes
2324 3455 2339 3493 ε
2379 3430 2510 3520 ipse
2541 3444 2642 3495 ta-

592 3539 744 3582 men
788 3520 1063 3582 multum
1101 3522 1443 3591 miseretur
1491 3529 1693 3593 nostri
1725 3580 1743 3607 ,
1784 3531 2235 3621 longanimiter
2268 3551 2640 3626 expectans,

587 3622 843 3710 quando
876 3626 1161 3690 conversi
1200 3631 1578 3697 accedamus
1617 3636 1698 3698 ad
1735 3658 1922 3711 eum,
1967 3651 2032 3703 et
2062 3643 2275 3727 quoad
2309 3641 2641 3707 internum

588 3740 879 3793 nostrum
922 3729 1250 3797 hominem
1290 3733 1752 3817 illuminemur,
1800 3765 1883 3809 ne
1930 3745 2407 3812 confundantur
2449 3747 2643 3814 facies

588 3845 821 3898 uostrae
853 3832 918 3898 in
957 3835 1058 3899 die
1087 3835 1331 3923 judicii.

677 3939 882 4008 XVII.
939 3939 1131 4023 Quod
1167 3945 1220 4012 si
1258 3946 1515 4016 difficile
1551 3973 1625 4017 ac
1655 3955 2000 4023 molestum
2033 3956 2217 4024 nobis
2251 3957 2317 4029 id
2346 3959 2599 4029 videtur
2621 4009 2640 4036 ,

658 4088 672 4117 ⁸
703 4075 884 4130 naith.
905 4094 1014 4142 xix,
1036 4049 1295 4150 ⁵.'Ephes.
1317 4100 1369 4146 v,
1396 4084 1476 4136 δι.
1507 4113 1569 4127 -
1590 4102 1612 4128 ·
1643 4104 1663 4141 ι
1687 4090 1801 4143 Cor.
1830 4109 1930 4152 xiv,
1961 4109 2006 4146 ι.
