2982 4885
1117 568 1375 617 nomas
1418 567 1603 616 nm.
1671 573 1682 598 ²
2254 563 2378 640 ³9⁴1

349 689 630 778 justitiae,
681 689 853 778 gravi
886 689 1119 775 hyeme
1159 687 1527 775 ignorantiae
1575 688 2006 763 tenebrarum,
2041 697 2107 752 et
2144 694 2390 752 summa

350 794 771 861 excaecatione
800 816 878 858 ex
910 792 1227 857 obscoenis
1262 791 1615 857 actionibus
1647 803 1711 855 et
1739 792 2016 879 peccatis
2048 804 2384 882 prognata,

351 899 689 987 prseterita.
719 899 918 965 Porro
943 897 1229 985 praecipit
1259 908 1395 961 tum
1430 894 1667 960 aboleri
1692 917 1771 959 ex
1795 917 2172 982 unaquaque
2195 899 2389 961 domo

348 1025 535 1068 omne
566 1004 949 1068 fermentum
976 1003 1330 1089 antiquum,
1366 1001 1650 1066 actiones
1682 998 2012 1072 nimirum.
2041 1013 2104 1066 et
2129 1001 2388 1071 consilia
2467 1085 2472 1088 k

345 1108 574 1175 veteris
604 1108 878 1175 hominis
901 1107 1008 1194 qui
1031 1106 1483 1193 corrumpitur,
1520 1128 1591 1169 ac
1621 1125 1948 1192 perversas
1979 1091 2385 1192 cogitationes

346 1226 418 1279 et
442 1215 882 1280 meditationes
906 1214 1224 1289 sordidas,
1260 1215 1472 1299 quoad
1505 1210 1642 1275 fieri
1680 1223 1912 1298 potest,
1949 1210 2246 1298 abjicere.

437 1319 602 1386 VIII.
657 1319 917 1386 Mactari
950 1333 1203 1407 oportet
1234 1340 1465 1406 agnum
1490 1328 1557 1382 et
1588 1315 1931 1392 immtlari,
1966 1316 2228 1404 ejusque
2253 1327 2392 1383 san·-

349 1423 607 1509 guinem
662 1423 904 1488 illinere
954 1422 1215 1488 foribus.
1278 1423 1568 1488 Christus
1614 1420 1786 1485 enim
1829 1444 2015 1486 verns
2059 1424 2278 1487 bonus·
2325 1428 2391 1488 et

348 1525 795 1592 immaculatus
828 1549 1025 1613 agnus
1053 1538 1366 1591 mactatus
1398 1538 1494 1591 est
1522 1571 1540 1600 ,
1586 1538 1651 1590 et
1690 1527 1996 1613 sanguine
2030 1524 2168 1612 ejus
2200 1535 2388 1590 uncta

348 1628 572 1696 limina
626 1628 875 1704 cordis,
928 1642 1001 1694 ut
1040 1629 1154 1700 fiat
1192 1630 1427 1695 ess'usus
1470 1631 1533 1695 in
1576 1652 1773 1695 cruce
1811 1630 2061 1718 sanguis
2109 1629 2390 1704 Christi,

352 1734 579 1802 animas
609 1735 868 1821 quidem
902 1735 1028 1800 vita
1054 1748 1119 1800 et
1149 1736 1547 1824 redempti03
1582 1736 1893 1823 AEgyptiis
1917 1756 2066 1799 vero
2098 1735 2392 1798 daemoni*

345 1839 468 1905 bus
508 1842 715 1906 luctus
745 1852 809 1905 et
835 1863 1024 1908 mors.
1067 1842 1226 1908 Vere
1284 1842 1457 1906 enim
1500 1844 1712 1906 luctus
1751 1841 1871 1905 illis
1917 1853 2048 1915 est:
2089 1838 2393 1928 gaudium

346 1957 559 2010 autem
591 1957 656 2010 et
679 1948 986 2011 exultatio
1010 1947 1232 2011 animm
1254 1996 1272 2023 ,
1308 1945 1697 2014 immaculati
1719 1937 1885 2011 illius
1917 1946 2078 2035 Agni
2110 1945 2381 2033 sanguise

344 2049 588 2118 Deinde
638 2065 782 2139 post
832 2052 1199 2117 unctionem
1271 2051 1455 2138 jubet
1516 2055 1595 2117 ad
1651 2065 1980 2140 vesperam
2050 2053 2392 2116 comedere

348 2179 579 2242 agnum
601 2197 619 2233 ‚
660 2170 725 2223 et
749 2181 966 2245 azyma
993 2177 1137 2223 cum
1171 2159 1432 2224 lactucis
1458 2159 1806 2246 agrestibus
1831 2208 1847 2233 ,
1891 2158 2386 2223 circumcinctos

346 2261 639 2334 renibus,
677 2264 990 2325 calceatos
1023 2263 1352 2332 sandaliis,
1388 2275 1452 2325 et
1484 2273 1772 2325 tenentes
1804 2263 2068 2325 baculos
2091 2261 2154 2324 in
2179 2263 2386 2326 mani*

348 2363 487 2428 bus.
534 2363 664 2428 Nisi
695 2364 863 2426 enim
895 2364 1067 2451 prius
1100 2365 1178 2426 sit
1204 2365 1411 2426 anima
1443 2376 1790 2451 praeparata
1817 2365 2238 2449 undequaque
2272 2379 2386 2452 per

348 2466 517 2531 bona
549 2482 774 2553 opera,
814 2480 1123 2553 quantum
1162 2468 1225 2529 in
1252 2468 1381 2554 ipsa
1415 2480 1549 2541 est,
1589 2488 1716 2530 non
1744 2469 2117 2531 conceditur
2151 2469 2275 2542 illi,
2311 2474 2384 2534 nt

351 2572 647 2636 comedat
675 2574 757 2637 de
784 2594 963 2658 agno,
996 2571 1074 2636 Et
1110 2571 1259 2636 licet
1283 2570 1488 2635 suavis
1512 2572 1592 2634 sit
1628 2593 1823 2658 agnus
1847 2581 1909 2635 et
1936 2592 2154 2658 azyma
2191 2574 2381 2648 bena,

352 2698 581 2743 amat-m
629 2688 840 2741 tamen
886 2687 951 2740 et
994 2698 1228 2764 asperae
1272 2687 1421 2740 sunt
1476 2678 1761 2741 lactucae.
1827 2676 1990 2740 Cum
2045 2676 2385 2743 afflictione

349 2803 499 2868 ergo
529 2802 778 2845 summa
807 2793 871 2845 et
904 2781 1183 2845 molestia
1215 2781 1344 2846 edit
1378 2781 1585 2845 anima
1613 2784 1690 2845 de
1726 2805 1758 2845 a
1764 2804 1887 2869 cmo
1918 2790 1982 2846 et
2015 2783 2197 2849 bonis
2232 2804 2385 2872 azy-2

348 2887 498 2958 mis.
534 2887 848 2974 affligente
879 2910 1018 2951 eam
1052 2890 1224 2973 quod
1246 2887 1420 2951 illam
1445 2885 1784 2962 inhabitat,
1821 2902 2105 2976 peccate.

435 2993 543 3058 lx
601 2993 681 3057 Et
721 2995 797 3056 ad
828 3012 1151 3081 vesperam
1184 2994 1368 3079 jubet
1394 2996 1584 3057 edere
1619 2993 1816 3057 ilium.
1861 2993 2231 3082 vespertina
2265 3008 2388 3060 au-·

330 3111 459 3164 tem
495 3099 648 3164 hora
696 3100 863 3163 mxli
912 3100 1079 3163 inter
1116 3102 1330 3163 lucem
1403 3111 1470 3163 et
1508 3100 1801 3163 tenebras
1831 3111 1943 3164 est.
1984 3100 2377 3191 Sic-quoqne

348 3203 552 3268 anima
585 3202 648 3266 in
681 3202 810 3291 ipsa
843 3206 1180 3271 constituta
1205 3204 1680 3292 redemptione,
1715 3204 1920 3271 media
1958 3220 2053 3272 est
2086 3209 2251 3273 inter
2273 3208 2374 3274 lu-

346 3330 485 3375 cem
529 3320 594 3375 et
639 3311 967 3382 tenebras,
1021 3311 1347 3376 assistente
1382 3311 1626 3394 ⁴virtute
1671 3310 1918 3384 divina,
1961 3334 2077 3375 nee
2109 3310 2377 3399 permit-

346 3426 517 3481 tente
549 3415 838 3480 tenebras
880 3416 1203 3502 insurgere
1236 3417 1298 3479 in
1340 3417 1612 3480 animam
1640 3464 1658 3490 ,
1699 3427 1761 3479 et
1805 3412 2143 3479 absorbere
2177 3415 2367 3486 illam.

342 3519 424 3586 Et
450 3521 987 3605 quemadmodum
1011 3520 1212 3582 Moses
1233 3518 1388 3580 dixit
1414 3542 1427 3579 :
1453 3521 1640 3584 «Haec
1670 3530 1766 3583 est
1796 3534 1922 3583 nox
1944 3520 2375 3606 promissionis

346 3650 373 3684 ι
394 3625 531 3688 Dei.
557 3652 585 3683 ι
618 3624 723 3689 Sic
740 3634 993 3711 quoque
1024 3620 1348 3692 Christus,
1381 3620 1596 3682 oblato
1612 3623 1906 3686 sibilibro
1940 3624 2003 3686 in
2030 3636 2370 3713 synagoga,

348 3734 420 3791 ut
443 3726 748 3813 seriptum
776 3741 874 3791 est
894 3772 911 3801 ,
942 3725 1315 3813 appellavit«
1341 3724 1597 3789 Annum
1616 3725 1869 3790 Domini
1895 3730 2372 3816 acceptabilem,

344 3844 457 3897 »et
476 3833 644 3898 diem
675 3829 1183 3918 redemptionis¹.
1226 3850 1251 3889 s
1298 3831 1392 3895 lbi
1433 3848 1555 3895 nox
1595 3828 2064 3909 retributionis,
2101 3835 2204 3901 hic
2229 3820 2404 3904 'dies'

344 3937 837 4027 mdemptionin
879 3949 944 4003 et
973 3937 1229 4023 merita·
1256 3936 1484 4003 Omnia
1528 3937 1700 4002 enim
1732 3938 1836 4004 ma
1873 3949 2060 4030 typus
2092 3955 2286 4008 erant
2305 3932 2396 4011 et'
2443 3954 2452 3961 '

416 4092 431 4114 ¹
455 4077 577 4127 Luc.
609 4092 679 4136 tv,
714 4091 789 4140 ¹9·

2053 4185 2154 4249 ¹9·
