2982 4885
686 505 815 601 '138
1366 551 1414 594 s.
1466 527 1732 596 ”Aesim
1775 525 2046 595 zerra-u

679 667 926 740 anima,
973 686 1103 732 non
1147 657 1538 753 obstupescit
1563 714 1580 740 ,
1611 686 1819 752 neque
1851 683 2027 755 spem
2065 657 2322 752 abjicit3
2364 664 2513 753 quia
2543 657 2719 738 novit

681 796 748 838 se
771 795 849 837 ex
870 772 1285 861 permissione
1315 769 1661 859 expositam
1695 791 1830 836 esse
1862 769 2341 860 probationibus
2361 819 2378 846 ,
2417 789 2489 837 ac
2527 773 2717 843 casti·

681 875 812 965 gari
843 876 1079 941 malitia
1111 897 1128 940 τ
1160 897 1278 942 nec
1301 875 1578 941 vicissim
1605 876 1859 963 quando
1882 897 2098 942 rerum
2121 876 2405 942 omnium
2438 880 2621 967 copia
2650 894 2716 950 et

680 981 898 1068 requie
944 981 1187 1056 affluit,
1233 1002 1385 1046 cura
1433 994 1661 1057 vacat,
1707 979 1818 1046 sed
1856 993 2146 1071 expectat
2193 982 2706 1053 vicissitudinem.

683 1086 894 1172 Atque
916 1087 1034 1160 sol,
1072 1107 1219 1151 cum
1240 1085 1318 1151 sit
1352 1103 1585 1175 corpus
1611 1097 1674 1151 et
1699 1084 2048 1175 opificium,
2076 1087 2436 1153 illuminans
2464 1105 2718 1176 quoque

679 1191 819 1257 loca
852 1190 1093 1266 soetida‚
1123 1210 1330 1264 coeno,
1360 1211 1430 1255 ac
1466 1189 1758 1256 sordibus
1789 1193 1997 1281 plena,
2032 1189 2193 1258 nihil
2221 1187 2471 1259 laeditur
2495 1206 2602 1260 aut
2625 1193 2715 1260 tu-

675 1294 1006 1361 fuscatnr:
1051 1306 1288 1382 quanto
1321 1295 1521 1385 magis
1560 1313 1757 1386 purus
1803 1310 1868 1363 et
1909 1305 2163 1362 sanctus
2201 1293 2508 1384 Spiritus,
2554 1311 2715 1363 con-

673 1398 933 1486 junctus
967 1398 1233 1490 animae,
1278 1403 1417 1486 quae
1457 1399 1664 1466 adhuc
1700 1417 1732 1464 a
1768 1401 1937 1466 malo
1985 1397 2321 1489 affligitur,
2367 1395 2523 1468 nibn
2565 1400 2714 1468 iude

675 1503 993 1569 contrahit
1023 1505 1157 1570 vitii
1185 1502 1235 1568 Ρ·
1261 1531 1287 1564 ι
1326 1504 1581 1570 Etenim
1618 1504 1744 1596 lux:
1766 1507 1828 1572 in
1861 1503 2136 1574 tenebris
2174 1508 2383 1585 lucet,
2420 1520 2485 1573 et
2532 1519 2715 1572 tene-

672 1631 699 1669 »
718 1608 848 1674 brae
877 1625 1022 1675 eam
1056 1635 1184 1676 non
1211 1612 1839 1699 comprehenderunt
1860 1612 1906 1678 ¹.
1947 1641 1970 1674 ιι

762 1714 866 1780 lv.
924 1715 1228 1793 Quamvis
1254 1716 1445 1799 igitur
1469 1716 1665 1780 homo
1695 1717 1756 1780 in
1777 1716 2208 1801 profunditate
2228 1715 2329 1788 sit,
2351 1737 2426 1780 nc
2454 1716 2716 1782 ditescat

672 1817 903 1902 gratia,
948 1815 1361 1878 nihilomiuus
1393 1817 1570 1878 adest
1610 1817 1666 1878 ei
1710 1817 1848 1877 olus
1893 1817 1972 1877 ad
2010 1815 2344 1877 fovendam
2383 1819 2709 1884 malitiam.

670 1917 875 1984 Habet
916 1938 1065 1980 vero
1108 1927 1538 2003 protectorem
1583 1915 1703 1981 sibi
1745 1915 2178 2005 opitulantem.
2225 1915 2440 1993 Quare
2485 1918 2538 1982 si
2575 1921 2720 2006 quis

672 2019 1115 2085 afflictionibus
1136 2030 1243 2083 aut
1265 2018 1672 2084 affectionum
1689 2018 1992 2084 fluctibus
2010 2019 2276 2083 obrutus
2294 2017 2509 2095 suerit,
2537 2033 2718 2111 spem

670 2144 796 2187 non
821 2122 1100 2209 abjicere
1125 2123 1335 2188 debet.
1372 2122 1570 2211 Magis
1595 2123 1764 2188 enim
1789 2122 1910 2189 hoc
1937 2119 2127 2188 modo
2152 2135 2491 2212 peccatum
2521 2147 2715 2191 accu-

669 2230 951 2293 ‘mulatur
978 2242 1043 2294 et
1075 2230 1406 2295 subintrat.
1456 2228 1523 2294 Si
1552 2229 1689 2317 quis
1721 2252 1870 2294 vero
1899 2241 2208 2316 perpetuo
2233 2249 2410 2317 spem
2439 2247 2614 2295 suam
2639 2232 2707 2298 ἰὴ

676 2331 811 2401 Deo
838 2337 1201 2412 collocarit,
1237 2349 1600 2402 attenuatur
1645 2338 1920 2425 quodam
1962 2335 2190 2408 modo,
2243 2346 2308 2399 et
2352 2336 2703 2403 exsiccatur

669 2444 926 2507 malum.
968 2442 1160 2522 Quod
1182 2442 1374 2532 igitur
1403 2445 1663 2530 qnidam
1688 2467 1764 2508 ex
1788 2435 2099 2530 paralysi,
2135 2452 2212 2505 'ex
2248 2442 2522 2528 partium
2545 2462 2702 2531 qua-

667 2550 960 2613 rumdam
989 2550 1412 2624 mutilatione,
1442 2572 1519 2612 ex
1550 2548 1742 2620 febri,
1771 2554 1835 2609 et
1865 2570 1940 2610 ex
1965 2544 2202 2610 morbis
2227 2547 2544 2623 laborent,
2577 2547 2700 2615 hoc

669 2664 873 2715 totum
931 2674 965 2715 a
1009 2665 1276 2739 peccato
1326 2652 1771 2738 proficiscitur.
1827 2649 1963 2712 Hoc
2025 2649 2338 2733 siquidem
2390 2653 2568 2718 radix
2606 2664 2701 2720 est

662 2755 952 2817 omnium
1016 2758 1332 2817 malorum
1381 2778 1397 2814 ε
1470 2765 1536 2815 et
1603 2750 1968 2817 affectiones
2038 2753 2701 2840 concupiscentiarum

658 2858 923 2931 animae,
958 2868 1020 2920 et
1053 2878 1388 2944 pravarum
1427 2854 1923 2942 cogitationum,
1957 2870 2034 2920 ex
2060 2879 2136 2920 eo
2169 2859 2538 2925 scaturiunt.
2584 2854 2702 2927 Pe-

668 2962 949 3025 rinde·ac
988 2960 1036 3022 si
1082 2958 1223 3024 sons
1262 2958 1556 3024 decurrat
1584 3009 1601 3034 ‚
1630 2956 1732 3024 cui
1763 2960 1901 3025 loca
1939 2962 2222 3049 proxime
2259 2960 2543 3047 subjecta
2578 2966 2704 3030 sint

663 3066 969 3152 uliginosa
1010 3076 1074 3128 et
1122 3063 1429 3129 h‘umida:
1478 3067 1686 3131 calore
1732 3089 1878 3130 vero
1925 3066 2295 3155 ingruente,
2343 3076 2473 3130 tam
2517 3066 2697 3148 sons,

660 3190 852 3257 quam
894 3168 1034 3234 loca
1074 3169 1395 3258 proxima,
1444 3171 1885 3237 exsiccantur:
1935 3173 2023 3237 sic
2055 3188 2313 3259 ‘quoque
2356 3173 2548 3239 servis
2581 3162 2702 3242 Dei

664 3275 931 3351 accidit,
969 3275 1034 3340 in
1071 3275 1301 3363 quibus
1334 3276 1615 3342 abundat
1643 3278 1880 3365 gratia3
1924 3277 2197 3342 exsiccat
2227 3277 2396 3342 enim
2428 3298 2558 3343 non
2593 3298 2701 3345 so-

666 3381 802 3447 lum
857 3380 1401 3469 concupiscentias
1456 3406 1491 3447 a
1537 3382 1764 3449 Satana
1797 3433 1816 3459 ,
1864 3383 2276 3449 verumetiam
2323 3400 2358 3447 a
2421 3392 2693 3461 natura,

662 3497 982 3573 suggestas
1011 3509 1025 3549 ε
1061 3506 1138 3550 eo
1164 3487 1337 3572 quod
1359 3506 1531 3554 nunc
1553 3489 1670 3555 viri
1693 3488 1810 3555 Dei
1849 3488 2313 3575 praestantiores
2338 3489 2461 3554 sint
2487 3488 2695 3577 primo

650 3589 815 3655 ada.
920 3616 925 3619 ²

748 3693 819 3761 V.
854 3692 1025 3760 Deus
1041 3695 1630 3787 incircumscriptus
1650 3702 1748 3762 est
1765 3709 1830 3762 et
1848 3696 2437 3786 incomprehensus,
2451 3698 2694 3787 ubique

658 3804 969 3887 apparens
988 3849 1004 3876 ,
1037 3796 1188 3867 etin
1212 3805 1536 3889 montibus
1556 3851 1573 3878 ,
1600 3800 1662 3866 e't
1687 3802 1752 3866 in
1783 3800 1943 3867 mari
1965 3852 1983 3878 ,
2009 3808 2073 3867 et
2103 3804 2322 3869 subter
2351 3802 2689 3893 abyssum}

654 3915 722 3969 et
751 3903 817 3968 id
857 3904 1114 3991 quidem
1151 3924 1282 3974 non
1318 3908 1564 3975 ratione
1595 3905 1930 3982 transitus,
1966 3906 2131 3976 Sicut
2159 3908 2383 3999 Angeli
2424 3908 2696 3979 descen·-

730 4048 745 4074 ¹
770 4040 916 4092 Joan.
941 4058 978 4102 ι,
1019 4044 1091 4092 15.
