2982 4885
607 519 737 589 360
1288 534 1336 575 ι.
1391 528 1661 576 mcum
1697 526 1966 575 aternu

582 656 974 745 'semperque
1017 671 1165 716 cum
1209 659 1386 712 metu
1429 669 1505 711 ac
1552 657 1828 711 tremore
1874 644 2121 710 servire’
2156 646 2272 736 ipsi
2318 661 2634 738 paratum,

600 771 890 850 suggeret
937 757 1052 846 ipsi
1107 756 1187 819 ad
1232 752 1534 816 ulteriora
1588 752 1801 838 gratiae
1847 742 2168 816 auxilium.
2228 752 2443 833 Quare
2492 743 2637 820 v'ero

585 864 766 933 ‘Deus
798 865 966 927 ultro
999 883 1064 924 se
1095 857 1333 923 mundo
1357 855 1753 920 tradentibus
1776 868 1839 920 et
1861 858 2219 944 voluptates
2250 860 2636 925 sectantibus

583 971 667 1037 ‘id
699 968 979 1034 faceret?
2248 964 2277 991 ‘

583 1080 590 1089 ‘
689 1075 774 1142 IV
776 1124 792 1141 .
845 1073 1195 1140 Prudentes
1219 1070 1336 1133 illae
1358 1068 1654 1156 virgineS,
1684 1089 1825 1157 qnae
1851 1067 2255 1156 peregrinum
2282 1093 2315 1135 a
2340 1093 2445 1135 sua
2473 1071 2640 1158 ipsa-

575 1203 745 1245 ·rum
777 1191 1001 1244 natura
1035 1177 1245 1240 oleum
1286 1172 1483 1260 (quod
1520 1186 1615 1238 est
1653 1172 1924 1261 Spiritus
1956 1173 2178 1262 gratia)
2216 1174 2279 1239 in
2313 1175 2469 1238 vasis
2502 1196 2641 1239 cor-

603 1287 698 1350 dis
731 1290 1288 1372 praesumpserant,
1321 1288 1672 1368 ‘potuerunt
1710 1276 1774 1341 in
1808 1276 2155 1341 thalamum
2187 1278 2368 1341 simul
2401 1278 2646 1343 intrare

604 1406 755 1455 cum
801 1408 1049 1477 sponso.
1102 1383 1257 1450 Aliae
1298 1405 1445 1448 vero
1488 1382 1675 1448 satuae
1708 1394 1772 1447 et
1803 1382 2016 1455 malae,
2068 1405 2138 1446 ea
2180 1382 2297 1446 sibi
2341 1382 2645 1449 sufficere

604 1497 933 1568 ducentes,
968 1514 1108 1579 quae
1134 1502 1359 1555 natura
1386 1488 1534 1577 ipsis
1569 1487 2011 1575 suppeditabat
2044 1508 2179 1561 sua,
2213 1486 2409 1574 iisque
2438 1508 2646 1575 prop-

604 1613 776 1667 terea
802 1612 1139 1675 contentae,
1170 1597 1341 1663 omni
1367 1595 2045 1662 sollicitudine'omissa
2068 1594 2306 1684 supinae
2324 1594 2643 1659 securitati

603 1727 670 1769 se
710 1705 1056 1778 dederunt,
1091 1725 1332 1788 neque,
1375 1702 1547 1787 quod
1586 1701 1972 1771 debuerant,
2010 1698 2398 1763 studuerunt
2430 1701 2638 1765 oleum

605 1810 776 1875 istud
805 1808 1032 1872 laetitiae
1062 1807 1126 1870 in
1155 1806 1314 1870 vasis
1339 1804 1549 1868 cordis
1573 1804 1849 1891 ipsarum
1875 1809 2261 1892 prae‘snmere
2285 1829 2302 1868 ε
2336 1808 2448 1872 sed
2478 1810 2641 1872 velut

601 1912 1086 1977 obdormierunt
1116 1932 1229 1997 per
1259 1907 1569 1973 incuriam
1600 1919 2048 1995 torporemque
2084 1931 2157 1973 ae
2186 1910 2637 1977 confidentiam

600 2017 855 2105 justitiae
896 2014 1186 2104 propriae.
1246 2013 1347 2080 Ob
1391 2012 1565 2101 quod
1610 2011 1786 2101 regni
1829 2013 2140 2078 thalamus
2172 2015 2321 2102 ipsis
2356 2021 2640 2082 occlusus

587 2122 711 2187 est.
749 2120 1148 2187 Manifestum
1175 2118 1348 2184 enim
1369 2130 1537 2194 erat,
1567 2140 1598 2183 a
1624 2119 1910 2206 partibus
1934 2140 2040 2183 eas
2062 2120 2291 2185 mundi
2320 2135 2488 2188 stare
2506 2172 2522 2198 ‚
2552 2123 2638 2189 illi

493 2307 514 2317 ρ
601 2224 838 2292 defixas
870 2223 1146 2313 quodam
1176 2223 1356 2311 quasi
1383 2222 1674 2287 amicitias
1697 2222 1976 2296 vinculo,
2007 2246 2146 2310 quse
2171 2224 2291 2289 suit
2314 2247 2498 2292 causa
2523 2249 2640 2291 cur

604 2341 815 2395 totum
861 2340 927 2393 et
965 2328 1280 2416 integrum
1313 2349 1594 2393 amorem
1629 2349 1813 2391 suum
1857 2349 2106 2394 sacrare
2136 2351 2363 2419 sponso
2395 2332 2459 2396 in
2490 2333 2647 2397 soli-

609 2437 766 2502 dum
808 2434 1248 2522 'nequiverint3
1294 2433 1405 2498 sed
1450 2432 1571 2520 illa:
1602 2432 2007 2521 peregrinum
2041 2457 2074 2499 a
2107 2449 2327 2503 natura
2364 2437 2644 2526 ipsarum

609 2540 890 2615 bonum,
939 2537 1539 2613 sanctificationem,
1591 2533 1882 2625 inquam,
1918 2537 2220 2629 Spiritus,
2254 2553 2634 2628 quaerenteS,

607 2656 810 2709 totam
851 2666 1029 2708 suam
1065 2643 1318 2707 Christo
1355 2641 1686 2707 affixerunt
1722 2641 2128 2723 charitatem,
2154 2645 2240 2712 ibi
2264 2669 2645 2712 conversan-

610 2763 739 2824 tur,
795 2747 1151 2821 ambulant‚
1202 2759 1420 2821 orant3
1458 2747 1545 2812 ibi
1588 2750 2077 2826 ratiocinantur;
2112 2751 2196 2817 ibi
2228 2754 2638 2826 meditantur,

607 2854 687 2918 ab
723 2852 855 2920 aliis
887 2850 1182 2916 omnibus
1213 2873 1461 2916 aversae.
1502 2851 1662 2918 Nam
1695 2855 1975 2943 quinque
2007 2855 2226 2922 animas
2260 2881 2506 2933 sensus,
2533 2858 2642 2946 qui

611 2969 794 3022 sunt:
831 2955 1188 3044 prudentia,
1221 2955 1657 3046 intelligentia,
1698 2960 2018 3038 diseretio,
2054 2963 2345 3052 patientia
2371 2976 2435 3029 et
2461 2965 2649 3030 mise-

613 3058 912 3135 ricordia,
951 3060 1002 3126 si
1039 3082 1310 3148 superne
1348 3062 1611 3150 gratiam
1650 3074 1715 3127 et
1760 3065 2318 3132 sanctificationem
2371 3066 2646 3157 Spiritus

609 3165 1007 3254 acceperint,
1044 3164 1198 3236 fient
1226 3167 1496 3256 virgines
1524 3191 1673 3233 vere
1702 3170 2083 3257 prudentes:
2119 3170 2168 3236 si
2193 3183 2406 3238 autem
2441 3173 2505 3239 in
2530 3197 2639 3239 na·-

606 3284 753 3337 tura
795 3272 1070 3361 ipsarum
1118 3272 1576 3358 relinquantur,
1620 3272 1807 3340 satuoe
1838 3277 2160 3343 verissime
2204 3279 2634 3369 reperiuntur:

591 3375 674 3440 ¹et
698 3376 926 3441 merito
951 3388 1367 3443 accensentur
1389 3374 1532 3442 filiis
1555 3377 1746 3466 hujus
1770 3383 2006 3448 saeeuli.

698 3477 771 3542 V.
825 3477 1026 3543 Sicuti
1059 3480 1371 3568 hospitem
1410 3494 1653 3549 natura}
1685 3499 1915 3553 nostrae
1943 3488 2276 3564 malitiam,
2315 3513 2425 3578 per
2451 3488 2640 3576 primi

607 3582 1164 3670 transgressionem
1197 3585 1470 3655 hominis
1500 3590 1565 3655 in
1600 3614 1715 3655 nos
1741 3615 2007 3682 peregre
2045 3595 2354 3660 intrusam
2393 3593 2639 3659 admisi-

605 3710 748 3753 mus
762 3712 781 3761 ς
828 3711 1058 3754 novam
1101 3690 1277 3777 quasi
1318 3707 1611 3761 naturam
1650 3695 1713 3761 in
1758 3698 1940 3763 nobis
1985 3705 2163 3765 mora
2205 3713 2269 3766 et
2311 3722 2431 3765 usu
2469 3700 2641 3788 longi

603 3793 910 3882 temporis
955 3808 1314 3883 operatam3
1364 3798 1448 3863 ita
1495 3822 1610 3886 per
1653 3799 1881 3891 hospes
1926 3825 2180 3891 quoque
2213 3804 2384 3869 istud
2414 3816 2642 3869 nostrae

605 3911 847 3965 naturae
880 3900 1120 3968 bonum
1161 3906 1425 3989 (donum
1457 3905 1601 3971 dico
1639 3906 1911 3998 Spiritus
1943 3909 2239 3997 coelestis)
2280 3909 2514 3999 ejicere
2549 3910 2644 3975 vi-

606 4005 818 4075 cissim
844 4009 1139 4078 convenit
1165 4034 1202 4076 e
1230 4024 1446 4079 nostra
1466 4025 1691 4081 natura
1716 4028 1962 4104 pestem
1987 4017 2185 4093 illam,
2212 4029 2278 4083 et
2300 4016 2366 4082 in
2387 4016 2644 4106 primae-
