2982 4885
979 498 1159 547 mrsu
1205 498 1283 547 1³13
1333 496 1698 548 mansius.
2253 476 2376 550 561

333 619 536 690 cistis,
580 639 707 682 non
745 639 1010 704 parvum
1041 616 1192 683 hinc
1228 615 1348 682 sibi
1383 615 1645 681 assumit
1679 616 2081 697 scandalum.
2117 616 2186 685 Si
2209 621 2385 689 enim

337 736 405 788 et
442 723 528 789 ita
556 722 697 810 quis
729 724 864 788 vuit
897 722 1132 787 sentire
1166 719 1339 809 quod
1367 719 1574 786 minas
1613 721 1705 786 eis
1735 719 2048 788 tendehat
2086 721 2369 814 Angelus

337 829 482 915 quia
516 828 848 894 transactis
881 828 1105 893 diebus
1127 827 1399 903 statutis,
1452 827 1519 893 id
1548 838 1670 901 est,
1709 839 1895 902 octo,
1931 826 1995 893 in
2028 851 2159 917 qno
2196 851 2395 921 opor-

336 948 555 1001 tuerat
585 933 961 1001 circumcidi
990 935 1385 1009 masculum,
1427 955 1558 1003 non
1592 932 1928 1010 fecissent,
1962 933 2205 1024 Deique
2241 959 2399 1027 prn-

341 1052 604 1128 ceptum
637 1039 720 1105 ita
755 1039 1298 1129 contempsissent.
1332 1039 1614 1124 Ideoque
1648 1038 1711 1102 in
1736 1050 1927 1127 parva
1951 1052 2139 1107 aetate
2162 1043 2392 1110 consti·

343 1154 630 1225 tutorum
648 1145 833 1234 culpa
853 1143 1133 1211 filiorum
1152 1165 1281 1208 non
1298 1154 1394 1208 est
1433 1141 1712 1217 illorum,
1733 1157 2043 1230 qnantum
2058 1160 2399 1233 parentum

343 1238 604 1325 eorum,
656 1261 728 1315 ut
772 1250 1083 1336 scriptum
1124 1246 1290 1311 est¹.
1343 1246 1528 1312 Unde
1571 1265 1724 1311 cum
1761 1245 2181 1338 intelligeret,
2223 1253 2400 1340 qnod

346 1357 535 1442 culpa
573 1366 739 1419 esset
776 1365 1149 1441 parentum,
1183 1372 1312 1416 non
1343 1349 1626 1426 infantis,
1665 1350 1969 1428 «Statim,
2005 1354 2250 1442 inquit,
2298 1378 2400 1423 ac·

356 1485 382 1519 ο
401 1470 587 1546 cepto
611 1458 859 1522 calculo
890 1454 1298 1521 circumcidit
1325 1477 1603 1545 puerum
1626 1468 1831 1522 mater
1844 1455 1984 1546 ejus
2001 1506 2021 1534 ,
2056 1458 2243 1545 cujus
2263 1460 2404 1527 visu

356 1590 382 1622 ι
402 1561 721 1651 sanguinis
754 1560 922 1628 illico
953 1559 1213 1625 recessit
1242 1561 1322 1625 ab
1346 1561 1577 1625 eodem
1607 1558 1955 1649 Angelus²,
1990 1590 2017 1622 ι
2056 1563 2402 1652 mortisque

363 1689 645 1755 poenam,
678 1686 870 1753 quam
904 1665 965 1730 ei
1003 1663 1364 1729 minabatur
1396 1663 1653 1740 inserte,
1690 1665 1870 1731 omni
1901 1670 2095 1733 modo
2128 1678 2409 1738 remove-

359 1783 476 1835 rat.
511 1771 651 1837 Non
675 1772 845 1836 enim
877 1770 1080 1835 Moses
1102 1767 1166 1833 in
1197 1770 1302 1834 ma
1332 1770 1491 1836 hora
1523 1768 1918 1858 dignoscitur
1946 1771 2401 1853 circumcisus,

359 1876 526 1941 sicut
565 1877 822 1964 quidam
847 1876 1217 1965 opinantur,
1247 1877 1359 1940 sed
1387 1873 1558 1940 filius
1585 1874 1781 1964 ipsius
1806 1889 1905 1942 est
1937 1877 2353 1946 circumcisus
2383 1902 2402 1946 ε

357 1982 503 2070 quia
551 1983 723 2070 quod
765 1995 910 2046 ante
949 1981 1068 2045 sub
1101 1979 1483 2045 Patriarchis
1527 1991 1594 2045 et
1628 1982 1766 2068 lege
1803 1981 2184 2067 jubebatur,
2224 1983 2405 2050 tardo

360 2110 552 2176 opere
584 2136 603 2165 ,
644 2111 772 2154 non
802 2087 1002 2153 veloci
1049 2086 1433 2174 implebatur
1461 2109 1499 2151 a
1527 2088 1771 2175 populo
1802 2136 1820 2163 ‚
1875 2103 1987 2155 aut
2029 2090 2402 2179 parentibus

363 2197 812 2278 quorumdam,
845 2206 917 2255 ut
954 2191 1259 2275 scriptum
1289 2189 1446 2253 e8t⁸.
1787 2204 1791 2214 '

651 2407 791 2458 xm.
831 2406 1146 2458 timul-:sis
1179 2406 1271 2457 DE
1305 2404 1517 2456 Lumo
1554 2405 2108 2462 nw'rssnonoun.

453 2606 622 2671 Sum
644 2603 929 2691 quidam,
953 2601 1059 2689 qui
1084 2601 1448 2676 turbantur,
1472 2600 1757 2667 haeretici
1782 2605 1861 2669 de
1887 2604 2402 2697 Deuteronomio,

369 2713 434 2777 in
468 2732 596 2798 quo
645 2709 847 2775 Moses
889 2729 1036 2772 cum
1083 2706 1281 2771 exiret
1323 2707 1404 2771 de
1444 2728 1715 2794 corpore
1749 2757 1764 2781 ,
1816 2708 2120 2799 huncque
2165 2713 2403 2783 librum

369 2814 810 2881 conscriberet
846 2812 926 2878 de
968 2821 1240 2897 quatuor
1274 2811 1453 2876 libris
1499 2811 1886 2898 repetendo.
1931 2814 1993 2879 in
2037 2839 2167 2905 quo
2206 2822 2404 2888 veluti

370 2920 594 3009 prioris
629 2915 790 3006 ⁴legis
836 2914 1235 2981 firmamenta
1281 2913 1567 2979 decernit
1593 2963 1611 2990 ,
1674 2914 2038 3008 Christique
2080 2928 2401 2994 carnalem

374 3025 768 3116 praesentiam
803 3024 943 3111 plus
984 3030 1402 3091 contestatur.
1434 3039 1563 3083 non
1592 3041 1800 3108 parvo
1833 3023 2156 3093 ducuntur
2187 3049 2406 3099 emt-e

376 3136 557 3199 aliter
575 3130 934 3198 sentientes.
967 3126 1125 3193 Nam
1150 3145 1291 3209 quae
1313 3123 1378 3188 in
1399 3124 1558 3213 lege,
1592 3123 1661 3189 id
1687 3137 1810 3201 est,
1839 3127 1902 3193 i'n
1924 3130 2143 3195 Exodo
2168 3134 2405 3221 scripta

372 3249 561 3310 sunt,
614 3235 838 3299 eadem
876 3244 942 3297 et
986 3231 1051 3295 in
1091 3229 1227 3318 ipso
1251 3228 1419 3294 libro
1454 3228 1883 3320 continentur.
1924 3233 2146 3298 Solum
2189 3249 2406 3306 nutem

372 3341 495 3407 hoc
523 3340 769 3405 videtur
790 3339 930 3424 plus
955 3337 1034 3401 ab
1063 3358 1141 3401 eo
1174 3335 1449 3409 dictum,
1478 3333 1628 3422 quia
1651 3334 1892 3400 addidit
1921 3357 1937 3399 ε
1972 3364 1997 3396 ι
2021 3337 2405 3428 Propheta„

371 3476 397 3508 ι
416 3446 596 3513 vobis
617 3441 944 3510 suscitabit
965 3439 1274 3505 Dominus
1297 3439 1466 3503 Deus
1482 3450 1690 3505 vester
1711 3441 1795 3505 de
1825 3439 2125 3508 fratribus
2148 3446 2406 3523 nostris.

374 3577 401 3609 ι
420 3550 584 3614 sicut
607 3571 708 3612 mc
729 3571 745 3612 t
770 3543 1033 3611 audietis
1045 3565 1215 3608 eum.
1247 3540 1638 3617 Eritautem,
1663 3543 1712 3606 si
1733 3543 1874 3630 quis
1888 3567 2178 3612 eumnou
2201 3549 2411 3619 audie-

373 3655 524 3728 »rit,
567 3651 868 3717 radicitus
917 3647 1407 3714 eradicabitur&
1438 3675 1464 3707 ι
1524 3646 1804 3740 Quidam
1847 3649 2017 3716 enim
2059 3667 2285 3742 putant
2328 3657 2410 3724 de

380 3754 876 3823 Deuteronomio
908 3753 1152 3819 dictum
1190 3753 1271 3819 ab
1301 3773 1414 3827 eo,
1462 3753 1640 3838 quod
1676 3763 1744 3817 et
1775 3750 1841 3817 in
1872 3752 2012 3845 ipso
2046 3760 2367 3850 acceperit
2386 3810 2409 3838 ‚

451 3924 464 3947 ·
493 3910 618 3960 Gen.
655 3924 789 3964 πη.
820 3908 903 3968 2⁴.
928 3934 991 3954 -
1017 3923 1037 3946 ⁸
1075 3905 1234 3959 ond.
1260 3921 1330 3962 iv.
1371 3897 1553 3956 25.'—
1576 3906 1600 3943 ⁸
1623 3891 1792 3956 June.
1827 3919 1877 3965 V,
1908 3907 1938 3956 5
1967 3916 2091 3977 ει).
2124 3937 2188 3950 --
2219 3916 2240 3955 ⁴
2265 3914 2416 3968 nat,

377 4005 522 4051 nm,
555 3991 609 4039 1⁵
633 3997 681 4041 et
713 3990 788 4048 18,
820 4005 901 4057 ¹9·

595 4093 811 4146 xwm.
2114 4071 2199 4137 36
