2982 4885
682 515 776 616 ‘90
1357 539 1406 583 s.
1462 536 1724 620 ιιιιςᾼιιιι
1775 535 2040 598 &oraru

685 675 840 731 snae,
868 655 1253 743 speciosam,
1283 666 1351 720 et
1380 653 1784 736 secundum'
1767 653 2106 742 imaginem
2139 672 2212 718 ac
2241 650 2710 752 ιίιιιίἰίιιιᾶίιιοιιι

682 759 800 832 Dei
821 760 1179 825 conditam.
1216 761 1413 825 altero
1443 782 1595 825 vero
1621 761 1792 856 quod
1822 757 2139 850 perdidit
2123 781 2317 850 ipsam
2336 757 2702 849 imaginem,

684 862 748 930 in
775 888 897 952 qna
930 865 1201 954 reposita
1240 865 1298 931 ei
1336 878 1471 933 erat
1503 866 1677 954 juxta
1710 866 2191 963 promissionem
2221 878 2349 931 tota
2381 863 2708 948 haereditap

681 972 973 1038 coelestis.
1003 972 1273 1040 Perinde
1304 995 1377 1038 ac
1410 974 1460 1037 si
1483 971 1563 1040 sit
1585 985 1877 1050 moneta,
1906 970 2176 1066 imagine
2205 971 2367 1062 regis
2399 969 2703 1072 insignita3

680 1100 821 1174 quae
856 1078 907 1146 si
942 1080 1372 1154 adulteretur,
1417 1091 1482 1145 et
1521 1101 1745 1144 aurum
1786 1079 1984 1170 perit,
2016 1090 2082 1143 et
2111 1077 2316 1166 imago
2353 1076 2585 1166 nullius
2622 1088 2707 1144 est

676 1184 903 1276 pretii:
942 1186 1065 1252 tale
1083 1185 1406 1284 quippiam
1432 1186 1646 1252 evenit
1670 1184 1861 1264 Adam
1899 1185 2185 1284 ingentes
2215 1180 2562 1274 siquidem
2556 1180 2708 1276 divi-

676 1288 819 1372 tim,
852 1302 917 1355 et
950 1313 1172 1381 inagna
1206 1290 1540 1358 haereditas
1573 1291 1631 1364 ei
1673 1303 2022 1384 pr-aeparata
2052 1301 2206 1354 erat.
2246 1285 2516 1364 Perinde
2553 1308 2624 1352 ac
2662 1284 2708 1382 si

677 1395 864 1487 sitpr
868 1397 1078 1490 edium
1097 1399 1411 1487 amplum,
1428 1395 1711 1483 illudque
1727 1398 1961 1460 multos
1981 1375 2528 1467 haboatreditus,
2511 1414 2573 1456 ιιι
2590 1413 2708 1478 quo

678 1499 759 1580 sit
783 1501 960 1568 vinea
996 1502 1357 1580 fructuosam
1387 1502 1643 1593 illicque
1673 1501 1799 1567 sint
1831 1500 2066 1568 fertiles
2099 1499 2261 1594 agri,
2298 1498 2425 1565 illic
2463 1519 2680 1588 greges

678 1604 936 1698 illicque
964 1632 1189 1690 aurum
1214 1622 1278 1678 et
1309 1624 1687 1699 argentum.
1724 1608 1810 1676 ita
1842 1632 1948 1674 vas
1979 1607 2131 1674 Adae
2164 1617 2308 1678 ante
2341 1585 2709 1680 inobedien-

677 1712 830 1776 tiam
869 1726 1005 1775 erat
1042 1727 1340 1799 tanquam
1376 1718 1682 1800 praedium
1714 1713 2038 1799 quoddam
2070 1711 2434 1798 pretiosum.
2476 1706 2715 1774 Verum

676 1812 788 1880 ubi
817 1812 1027 1900 pravis
1059 1815 1434 1877 commentis
1473 1827 1539 1878 et
1581 1812 2066 1897 cogitationibus
2099 1832 2165 1872 se
2197 1807 2490 1880 involvit,
2479 1809 2721 1902 periit

677 1939 713 1982 a
733 1916 888 1983 Deo.

762 2021 840 2088 ΙΙ.
882 2018 1021 2086 Νοιι
1045 2030 1259 2088 tamon
1286 2017 1578 2114 dicimus,
1609 2019 1777 2104 quod
1804 2028 1971 2086 totus
1993 2014 2278 2110 perierit,
2305 2024 2372 2106 et
2393 1977 2713 2108 extinctus
2792 2099 2800 2108 ·

676 2148 750 2208 ac
781 2134 1071 2200 mortuus
1104 2123 1228 2190 sit·
1258 2145 1293 2188 a
1326 2101 1672 2218 conspectu
1704 2121 1820 2214 Dei
1845 2120 2103 2242 quidem
2129 2131 2418 2212 mortuus
2440 2130 2562 2193 est,
2598 2142 2709 2212 ειμι

672 2240 884 2322 autem
906 2240 1131 2304 natura
1154 2227 1322 2308 vivit.
1363 2228 1533 2298 Ecce
1566 2229 1737 2312 enim
1770 2227 2101 2312 universus
2125 2226 2410 2314 mupdus·
2427 2223 2710 2302 ambulat

669 2334 738 2414 in
777 2346 981 2409 terra,
1023 2346 1089 2400 et
1133 2335 1383 2432 negotia
1420 2334 1666 2426 peragit
1703 2357 1718 2398 ε
1777 2344 1842 2416 at
1873 2333 2098 2396 oculus
2138 2327 2254 2395 Dei
2299 2325 2473 2392 videt
2509 2325 2703 2424 ipsam

668 2425 951 2517 mentem
984 2465 1057 2508 ac
1092 2442 1548 2535 cogitationes,
1585 2456 1651 2509 et
1682 2439 1857 2531 quasi
1883 2436 2138 2528 respicit
2168 2449 2233 2502 et
2259 2434 2560 2525 despicit,
2589 2457 2703 2507 nec

666 2568 817 2616 eum
850 2548 938 2615 eis
962 2551 1157 2619 ullam
1193 2550 1562 2621 societatem
1598 2547 1760 2621 init;
1790 2546 1937 2641 quia
1964 2544 2121 2613 nihil
2146 2541 2316 2631 quod
2349 2553 2597 2635 gratum
2627 2539 2703 2627 sit

666 2632 802 2721 Deo
827 2656 1310 2741 cogitationibus
1341 2655 1710 2719 moliuntur.
1744 2650 2012 2716 Perinde
2037 2673 2111 2715 ac
2145 2649 2194 2713 si
2221 2648 2345 2714 sint
2369 2646 2700 2717 diversoria

671 2781 743 2824 ac
774 2760 1135 2847 lupanaria,
1169 2770 1235 2822 et
1257 2760 1435 2832 loca,
1471 2756 1584 2822 ubi
1617 2757 1827 2821 omnia
1862 2753 2294 2844 incompositis
2324 2736 2606 2820 moribus
2629 2773 2698 2816 ac

668 2865 1165 2954 intemperanter
1187 2873 1542 2951 geruntur.
1580 2873 1795 2951 postea
1827 2860 1876 2925 si
1909 2860 2184 2955 religiosi
2213 2858 2506 2926 homines
2536 2869 2701 2923 tran-

670 2981 873 3049 seant,
905 2990 1119 3033 nonne
1155 2977 1534 3031 execrantur
1558 3016 1577 3042 ,
1608 2980 1672 3031 et
1708 2967 1993 3032 videntes
2030 2989 2161 3032 non
2194 2962 2462 3031 vident?
2501 2964 2523 3045 (
2553 2973 2702 3026 sunt

669 3074 840 3138 enim
886 3072 1009 3135 illis
1052 3070 1230 3159 quasi
1269 3073 1566 3157 mortua)
1613 3096 1629 3137 ε
1675 3072 1765 3147 sic
1811 3074 1984 3143 Deus
2031 3094 2282 3137 aversos
2323 3093 2356 3136 a
2397 3068 2589 3134 verbo
2623 3086 2697 3131 ac

668 3178 969 3242 mandato
1006 3199 1121 3241 suo
1151 3176 1409 3265 respicit
1440 3177 1697 3265 quidem
1723 3203 1742 3253 ς
1777 3189 2054 3242 attamen
2091 3175 2359 3266 despicit
2385 3196 2493 3239 eos
2516 3221 2534 3248 ,
2577 3190 2699 3237 nec

669 3301 818 3371 cum
848 3279 938 3346 eis
959 3282 1161 3346 ullum
1201 3280 1661 3349 commercium
1691 3282 1881 3359 colit,
1917 3304 2037 3349 nec
2065 3281 2405 3371 requiescit
2428 3279 2494 3345 in
2523 3275 2700 3375 cogi·

669 3385 1011 3453 tationibus
1034 3386 1290 3454 illorum
1317 3385 1649 3453 Dominus.

1342 3630 1343 3633 ’
1417 3630 1962 3684 INTERROGATIO.

752 3862 858 3945 111.
902 3858 1244 3955 Quomodo
1269 3860 1416 3951 quia
1432 3872 1640 3946 potest
1667 3879 1798 3923 osso
1815 3882 2069 3948 pauper
2091 3859 2377 3951 Spiritu,
2398 3857 2707 3924 maxime

664 3989 817 4032 cum
839 3964 1113 4034 semoris
1142 3966 1323 4053 apud
1347 3989 1414 4033 ac
1433 4016 1450 4048 ,
1473 3989 1539 4032 so
1568 3956 1972 4034 transldtum
1997 3990 2126 4035 osu
2150 3988 2232 4035 ao
2247 3965 2619 4059 profecisse,
2643 3976 2713 4028 ot
