2982 4885
1144 494 1402 539 nomm
1449 493 1588 539 xxx.
2263 502 2393 571 2²9

351 599 548 665 altum
588 602 872 681 evolarit,
919 628 1140 673 secura
1188 623 1309 687 est,
1358 611 1535 675 velut
1562 609 1723 676 nihil
1752 623 2048 680 metuens
2083 636 2389 707 aucupes,

350 719 468 781 aut
491 709 702 774 noxias
730 711 960 779 bestias
989 740 1006 789 ς
1052 715 1363 803 siquidem
1393 740 1582 803 supra
1616 717 1772 783 dum
1801 732 1895 784 est
1913 767 1932 794 ,
1971 720 2221 791 deridet
2249 746 2393 790 om·-

351 834 507 907 nes.
543 814 631 879 sic
664 838 918 905 quoque
950 820 1195 896 anima,
1232 822 1511 911 acceptis
1551 821 1663 887 alis
1696 821 2013 910 Spiritus
1996 849 2064 893 ιιι
2091 829 2398 897 sublimes

351 900 492 985 eoeli
523 921 808 1011 regiones
835 926 1114 1004 evolans,
1147 949 1296 993 cum
1326 926 1409 994 sit
1438 926 1738 994 omnibus
1769 929 2128 1009 sublimior,
2176 934 2396 1002 o‘mnia

349 1024 502 1091 risui
537 1026 750 1094 habet.
2394 1096 2397 1101 >

436 1132 572 1199 Vll.
625 1134 705 1200 Et
727 1138 983 1224 quidem
1017 1141 1286 1229 populus
1318 1139 1517 1217 Israel
1545 1140 1903 1206 secundum
1927 1156 2209 1214 earn-tn.
2246 1162 2397 1210 cum

350 1247 508 1303 tune
547 1239 856 1308 divideret
900 1244 1103 1311 Moses
1148 1268 1365 1321 mare,
1416 1245 1718 1311 deorsum
1757 1245 2066 1332 trajecit.
2104 1244 2172 1311 hi
2202 1268 2397 1322 vero,

349 1363 501 1407 cum
544 1343 668 1411 sint
705 1345 834 1412 filii
857 1347 999 1423 Dei,
1036 1373 1288 1415 sursum
1329 1350 1744 1416 deambulant
1773 1372 1963 1440 super
2000 1373 2179 1418 mare
2211 1374 2398 1417 acer-

351 1443 684 1513 bissimum
714 1472 1154 1537 perversarum
1181 1466 1592 1544 potestatum.
1635 1454 1883 1542 Corpus
1903 1453 2076 1521 enim
2103 1466 2169 1519 et
2189 1454 2400 1519 anima

353 1547 612 1616 illorum
656 1555 885 1618 domus
925 1555 1046 1620 Dei
1091 1556 1253 1622 facta
1302 1569 1467 1623 sunt.
1532 1557 1651 1623 Die
1684 1558 1818 1633 illa,
1848 1580 1992 1656 qua
2052 1559 2271 1646 lapsus
2312 1567 2410 1623 est

353 1651 587 1727 Adam.
635 1658 902 1723 accessit
934 1658 1132 1737 Deus,
1177 1661 1569 1727 ambulans
1551 1686 1614 1727 m
1661 1661 2004 1751 paradiso,
2027 1662 2409 1728 lamentatus

354 1771 477 1839 est,
515 1773 588 1826 ut
632 1762 717 1827 ita
774 1763 1006 1840 dicam,
1060 1778 1407 1854 conspecto
1453 1766 1617 1844 Ada,
1663 1790 1738 1832 ac
1775 1766 1976 1832 dixit·
2032 1795 2057 1828 ι
2084 1768 2337 1848 Quibus
2370 1790 2409 1834 e

354 1865 537 1931 bonis
569 1868 774 1955 qualia
815 1871 1104 1935 excitasti
1151 1869 1361 1936 mala?
1402 1871 1453 1935 E
1487 1892 1611 1958 qua
1642 1871 1857 1958 ‘gloria
1903 1871 2094 1957 quale
2125 1872 2413 1963 dedecus·

353 1970 560 2059 geris?
596 1971 750 2053 Cur„
769 1974 1152 2043 tenebrosus
1193 1997 1261 2041 es
1287 1974 1531 2044 modo?
1568 1998 1684 2041 cur
1733 1973 2083 2041 deformis?
2125 1997 2243 2040 cur
2280 1998 2409 2065 pu·
2476 2058 2481 2059 ἶ

353 2073 598 2141 tridusP
636 2077 807 2168 quali
847 2103 926 2144 ex
957 2081 1200 2146 lumine
1237 2081 1393 2147 tales
1428 2079 1707 2146 tenebrae
1748 2078 2208 2146 obvelaverant
2239 2076 2392 2145 teP»

351 2179 433 2245 Et
458 2182 741 2269 quidem,
771 2206 924 2248 eum
962 2185 1298 2250 cecidisset
1330 2185 1534 2253 Adam
1555 2233 1575 2260 ,
1604 2196 1672 2249 et
1709 2206 1743 2248 a
1773 2182 1937 2250 facie
1955 2183 2073 2250 Dei
2109 2197 2405 2251 mortuus

353 2296 543 2355 esset,
584 2286 744 2347 luxit
776 2307 926 2349 eum
965 2287 1261 2359 Creator,
1317 2285 1575 2371 Angeli,
1609 2284 1892 2350 Virtutes
1922 2276 2174 2359 omnes.
2215 2287 2401 2362 coeli,

357 2397 551 2461 terra,
586 2399 652 2451 et
680 2408 903 2453 omues
930 2400 1235 2454 creatura».
1264 2389 1566 2452 luxerunt
1588 2400 1863 2453 mortem
1886 2401 1950 2454 et
1975 2410 2194 2468 casum
2219 2391 2358 2476 ejus
2388 2411 2405 2454 z

358 2512 507 2556 eum
541 2491 712 2557 enim
735 2539 753 2566 ,
794 2492 907 2581 qui
937 2494 1124 2559 datus
1156 2501 1294 2555 erat
1324 2489 1447 2555 illis
1479 2512 1623 2565 rex,
1660 2510 1911 2554 servum
1947 2475 2247 2556 videbant
2270 2491 2416 2555 asae-

360 2608 498 2661 tum
535 2619 671 2663 esse
718 2596 1089 2663 adversariae
1134 2607 1199 2663 et
1227 2618 1438 2685 pravae
1474 2594 1821 2684 potestatis.
1875 2593 2187 2662 Tenebris
2217 2595 2412 2684 igiter

359 2699 566 2766 induit
589 2723 766 2767 suam
792 2702 1091 2778 animam,
1125 2714 1190 2767 et
1208 2700 1467 2788 quidem
1489 2699 1772 2765 tenebris
1794 2700 2042 2767 acerbis
2067 2722 2144 2766 ae
2167 2702 2401 2790 pravis:

361 2807 672 2894 siquidem
695 2811 990 2875 redactus
1013 2820 1109 2872 est
1131 2806 1293 2873 sub
1276 2807 1618 2896 nmperium
1649 2803 1954 2897 principis
1972 2808 2406 2898 tenebrarum.

360 2912 420 2978 ls
446 2927 605 2989 erat,
642 2914 749 3001 qui
778 2915 1144 2979 vulneratus
1175 2936 1209 2977 a
1232 2913 1627 2986 latronibus,
1667 2912 2114 2980 semimortuus
2128 2899 2410 3016 relictus

358 3033 477 3097 est,
505 3044 653 3088 cum
680 3022 1095 3088 descenderet
1126 3019 1204 3085 ab
1233 3018 1590 3084 Jerusalem
1620 3040 1835 3084 versus
1864 3015 2196 3084 «Iericho’.

446 3124 990 3206 v111.Quinimo
1041 3124 1314 3193 Lazarus
1368 3145 1660 3212 quoque,
1708 3143 1912 3210 quem
1954 3119 2263 3189 Dominus
2305 3143 2412 3187 ex-

360 3227 613 3306 citavit,
649 3231 805 3296 adeo
848 3233 1053 3297 multo
1082 3230 1307 3301 soetore
1329 3230 1583 3317 plenus,
1616 3239 1688 3293 ut
1723 3248 1913 3293 nemo
1944 3237 2156 3316 posset
2185 3246 2410 3290 monu-

359 3347 576 3420 mento
614 3335 1153 3426 appropinquare²
1173 3384 1193 3411 ,
1235 3347 1424 3422 typus
1455 3345 1595 3400 erat
1624 3332 1813 3409 Adae,
1842 3331 1952 3417 qui
1990 3331 2266 3400 multum
2298 3329 2407 3404 foe-‚

363 3442 515 3508 toris
552 3453 618 3507 et
663 3442 1104 3532 graveolentiae
1154 3440 1220 3505 in
1263 3442 1541 3505 animam
1602 3438 1845 3513 ascivit,
1900 3446 1966 3499 et
2012 3431 2282 3522 caligine
2333 3458 2411 3503 ac

363 3548 643 3614 tenebris
702 3551 983 3637 repletus
1038 3544 1180 3609 fuit.
1244 3543 1562 3609 Caeterum
1610 3555 1677 3606 tu
1699 3588 1718 3615 ,
1778 3564 1928 3622 cum
1989 3538 2264 3604 audieris
2330 3542 2413 3622 de

370 3648 641 3728 Adamo,
685 3655 764 3717 de
812 3655 1200 3732 vulnerato„
1232 3660 1299 3720 et
1345 3648 1614 3734 Lazaro,
1662 3667 1742 3710 no
1795 3643 2096 3722 dimittas,
2127 3655 2411 3722 mentem

369 3764 549 3819 mam
579 3755 748 3818 velut
779 3755 846 3819 in
876 3769 1197 3829 montem,
1230 3756 1344 3824 sed
1373 3753 1546 3821 intus
1578 3751 1643 3818 in
1669 3749 1878 3818 anima
1910 3745 2407 3830 teenmshabitaz

371 3856 520 3947 quia
553 3869 625 3921 tu
648 3876 901 3943 quoque
922 3860 1146 3923 eadem
1165 3861 1450 3936 vulnera,
1472 3860 1778 3927 eumdem
1793 3854 2109 3928 foetorem,
2130 3853 2415 3938 easdem·
2504 3871 2511 3886 ·

443 4009 458 4037 ι
489 3994 609 4047 Luc.
641 4010 690 4056 ι,
715 3992 799 4062 50.
820 4018 881 4032 -·
905 4007 924 4032 ⁸
951 3991 1293 4074 Joan.·1x,39,
