2982 4885
621 515 664 582 8
1372 537 1601 583 sucu
1647 537 1771 582 mc
1785 536 1909 581 Anu

617 661 792 733 bibl.
819 683 890 728 n.
922 678 973 729 ε.
1000 651 1327 750 pag.,61)‚
1357 667 1427 723 et
1455 651 1807 724 Fabricius
1831 650 2037 748 (Bibl.
2062 677 2261 747 graec.
2298 669 2468 726 tom.
2503 682 2650 730 vm.

618 788 771 890 pagss
800 785 1014 882 (492).
1038 782 1206 855 Haec
1232 795 1465 852 autem
1511 806 1726 877 opera
1767 781 1855 851 ad
1907 780 2283 853 Macarium
2315 783 2655 880 Pispiren·

618 946 767 991 sem
812 942 958 988 non
1000 916 1355 1011 pertinere
1394 910 1716 1007 pluribus
1759 912 2094 980 evincunt
2128 911 2395 982 Caveus
2424 914 2642 1011 (Hist.

620 1049 755 1119 litt.
787 1059 956 1116 tom.
984 1067 1033 1115 1.
1074 1066 1227 1139 pag.
1269 1040 1497 1135 255),
1522 1040 1779 1110 Prilius
1810 1039 2053 1135 (Praef.
2090 1040 2178 1110 ad
2205 1039 2379 1113 Mac.
2407 1068 2647 1138 opusc.

616 1180 656 1273 fi
690 1201 818 1254 v111
873 1187 944 1245 et
998 1169 1252 1268 seqq.)
1313 1184 1385 1241 et
1440 1173 1740 1241 maxime
1806 1169 2343 1260 Tillcrnontius‚
2386 1172 2650 1270 (Mem.

616 1294 795 1391 ὲοοΙ.
821 1320 991 1377 tom.
1034 1325 1184 1373 vm.
1229 1322 1380 1395 pag.
1419 1302 1564 1393 619
1598 1312 1671 1369 et
1692 1300 1894 1391 διο).
1932 1297 2106 1369 Inde
2130 1302 2389 1395 ‘pariter
2408 1304 2655 1397 explo-

621 1439 817 1508 ditur
862 1431 1129 1504 Oudini
1182 1431 1569 1516 sententia,
1630 1435 1752 1523 qui
1787 1428 1900 1499 ina
1952 1429 2038 1499 ad
2085 1426 2398 1499 Marcum
2427 1427 2653 1514 {Asce-

626 1580 770 1637 tam
798 1619 818 1654 ,
860 1561 1140 1634 Macarii
1179 1559 1473 1654 junioris
1505 1560 1957 1654 discipulum,
1986 1560 2353 1630 referenda
2373 1560 2656 1630 arbitra·

600 1710 756 1782 tur,
781 1698 943 1791 quin
967 1717 1105 1763 una
1126 1715 1212 1760 ex
1230 1691 1643 1761 Macarianis
1665 1743 1686 1775 ,
1724 1711 1979 1783 nempe
2010 1712 2242 1760 xxxvn
2261 1745 2278 1774 ‚
2310 1692 2655 1783 prooemio

622 1824 709 1895 ad
733 1822 1072 1920 opuscula
1102 1818 1315 1912 hujus
1348 1816 1708 1913 scriptoris
1731 1830 1849 1887 aut
1870 1816 1959 1886 de
1989 1815 2333 1887 industria
2350 1830 2654 1889 autcasu

624 1958 884 2026 inserta
935 1965 1065 2023 est.
1102 1948 1285 2021 Hinc
1333 1947 1650 2042 denique
1680 1947 2029 2019 evanescit
2057 1970 2310 2016 vanum
2348 1946 2430 2017 D.
2473 1944 2659 2019 Cei!-

618 2087 750 2155 lier
775 2082 1187 2178 figmentum
1212 2133 1232 2164 ‚
1259 2080 1468 2149 alium
1500 2077 1588 2149 ab
1615 2078 1931 2174 AEgyptio
1967 2075 2350 2146 Macarium
2380 2079 2653 2171 excogi-

622 2215 834 2291 tantis
861 2263 879 2296 ,
918 2235 1082 2282 cum
1121 2232 1305 2304 opus
1329 2208 1401 2282 in
1441 2209 1714 2278 cunctis
1754 2203 2119 2278 codicibus
2152 2219 2348 2277 certo
2387 2206 2656 2275 auctori

614 2343 1031 2416 attributum
1054 2363 1186 2437 pro
1206 2337 1531 2430 uniuscuj
1541 2362 1764 2431 usque
1785 2336 1996 2415 libitu
2014 2335 2102 2405 ad
2121 2336 2416 2406 alterum
2440 2348 2657 2405 trans-

614 2473 801 2546 ferre
845 2496 987 2544 non
1025 2472 1265 2557 liceat,
1312 2471 1443 2539 nisi
1475 2467 1652 2539 illud
1685 2469 2101 2563 gravissimae
2132 2468 2408 2562 exigant
2441 2465 2646 2535 ratio-

615 2631 761 2677 nes.
808 2606 1011 2674 Tales
1046 2625 1211 2673 vero
1249 2624 1389 2671 non
1429 2613 1595 2670 sunt
1636 2600 1855 2667 allatae
1884 2623 1920 2666 a
1958 2597 2368 2686 doctissimo
2406 2596 2651 2667 critico

615 2731 1106 2817 difficultates,
1162 2752 1325 2822 quae
1369 2729 1520 2798 sine
1566 2727 1794 2798 multo
1849 2724 2088 2796 labore
2144 2726 2537 2798 solvuntur.
2579 2728 2650 2800 Si

615 2863 805 2932 enim
849 2858 941 2928 de
982 2857 1195 2953 gratia
1222 2855 1475 2925 clarius
1505 2849 1706 2952 lotiui
1744 2854 2058 2925 videatur
2085 2853 2460 2947 Macarius,
2505 2883 2648 2929 non

612 2990 778 3062 inde
827 2987 1065 3061 subito
1110 2984 1693 3057 concludendum
1744 3000 1851 3056 est
1895 2986 2091 3058 illum
2129 3002 2290 3085 post
2324 2989 2646 3061 haeresim

610 3131 923 3191 exortam
962 3117 1360 3213 scripsisse3
1401 3114 1584 3185 forte
1621 3116 1811 3185 enim
1844 3114 1985 3208 jam
2021 3119 2208 3190 inter
2242 3119 2502 3190 deserti
2536 3121 2648 3189 in-

604 3252 796 3323 colas
829 3221 1052 3346 prima
1090 3245 1301 3340 hujus
1336 3250 1592 3318 erroris
1621 3273 1854 3343 sparsa
1900 3248 2175 3320 fuerant
2210 3253 2519 3340 semina,
2572 3253 2643 3322 in

611 3377 1114 3474 aliud.tempus
1141 3398 1527 3460 emersura,
1552 3379 1732 3450 sicut
1760 3380 1936 3472 ignis
1975 3379 2356 3475 aliquando
2383 3379 2646 3449 diutius

609 3510 822 3589 latet,
856 3508 1049 3603 prius
1085 3530 1297 3603 quam
1336 3509 1405 3576 in
1442 3508 1848 3578 incendium
1881 3521 2322 3604 prorumpat.
2357 3507 2646 3578 Veteres

607 3637 847 3709 Patres
900 3649 1061 3707 ante
1102 3639 1473 3735 pelagiana.
1516 3652 1833 3734 tempora
1880 3637 1969 3708 de
2030 3641 2246 3733 gratia
2298 3651 2369 3707 et
2418 3637 2644 3706 libero

604 3767 912 3840 hominis
942 3766 1227 3838 arbitrio
1260 3771 1490 3840 minus
1513 3781 1841 3839 accurate
1875 3769 2152 3839 locutos
2178 3767 2386 3838 fuisse
2418 3818 2438 3851 ‚
2485 3769 2642 3863 quis

611 3909 718 3966 est
755 3898 879 3993 qui
910 3896 1221 3967 nesciat?
1254 3895 1454 3968 Adde
1495 3897 1692 3994 quod
1721 3911 1800 3966 ‘et
1827 3922 1864 3966 a
1889 3897 2277 3991 Pelagianis
2317 3896 2643 3966 videntur

603 4040 955 4124 corruptae
992 4024 1316 4123 quaedam
1356 4026 1423 4098 S.
1466 4027 1746 4104 Macarii
1782 4029 2189 4111 sententiae,
2237 4041 2312 4096 ut
2353 4019 2640 4119 intelligi
