2982 4885
721 536 857 638 ‘444
1557 577 1607 618 ⁸.
1660 544 1924 622 ...mn

716 702 917 773 mum.
956 690 1224 760 ‘Oculus
1275 688 1480 781 gulosi
1530 689 1818 756 convivia
1872 702 2232 770 scrutatur,
2280 697 2509 763 oculus
2553 709 2767 768 autem

719 799 1077 891 sapientum
1118 796 1464 863 meditatur
1515 795 1993 862 continentiam.
2021 805 2028 811 “
2058 796 2541 869 Formidolosus
2585 804 2766 869 miles

718 904 1034 984 horrescit
1065 904 1145 968 ad
1177 899 1394 967 tubam
1418 951 1436 978 ,
1472 923 1612 989 quae
1648 900 1888 966 bellum
1914 900 2268 991 significan
2305 917 2369 973 et
2395 910 2681 997 gulosus.
2712 910 2767 974 si

720 1006 1167 1077 abstinentiam
1209 1006 1663 1098 proedieantem
1697 1003 1969 1072 audierit
1990 1057 2010 1083 ,
2045 1031 2176 1074 non
2209 1009 2479 1078 libenter
2509 1015 2773 1088 auscul-

722 1127 832 1184 tat.
861 1100 1148 1182 Flamma
1181 1135 1333 1179 cum
1371 1111 1731 1189 marcescit,
1759 1114 2075 1180 elucescit
2106 1114 2332 1181 iterum
2364 1118 2416 1181 si
2450 1117 2771 1206 acceperit

717 1218 997 1312 lignum}
1032 1233 1099 1287 et
1118 1220 1318 1286 libido
1355 1219 1557 1309 sopita
1584 1238 1841 1286 rursum
1878 1221 2107 1286 erescit
2145 1220 2207 1286 in
2229 1222 2583 1288 saturitate.
2623 1223 2766 1290 Non

719 1325 1074 1393 miserearis
1098 1320 1377 1417 corpori,
1405 1325 1454 1390 si
1477 1324 1846 1390 lassitudine
1870 1325 2212 1392 defecerit:
2254 1350 2454 1414 equus
2483 1349 2771 1394 consen-

720 1430 884 1529 ‚tiens
932 1429 1220 1520 indigens
1259 1453 1493 1520 corpus
1521 1480 1540 1508 ,
1587 1454 1705 1497 nee
1747 1428 2146 1497 ascensorem
2187 1432 2399 1521 dejicit
2447 1456 2760 1521 unquam.

722 1522 1256 1625 Concupiscentia
1299 1539 1461 1629 gulae
1514 1549 1717 1604 mater
1762 1550 1860 1603 est
1911 1536 2213 1603 libidinis.
2277 1536 2515 1603 Oleum
2572 1538 2770 1603 nutrit

723 1634 1043 1733 lampada
1057 1643 1375 1717 lucernae,
1408 1652 1475 1708 et
1513 1641 1726 1731 ignem
1756 1641 2124 1707 reaccendit
2158 1640 2592 1708 confabulatio
2622 1665 2767 1707 mu-

726 1730 916 1831 lieris.
946 1746 1175 1814 Facies
1201 1747 1484 1813 mulieris
1506 1749 1727 1836 sagitta
1759 1761 1856 1813 est
1883 1750 2279 1822 truculenta3
2309 1746 2514 1836 infigit
2543 1750 2764 1813 vulnus

723 1846 790 1915 in
825 1850 1118 1915 animam.
1158 1851 1241 1916 Ut
1263 1870 1579 1914 venenum
1575 1799 1744 1940 ofuge
1767 1851 2349 1917 confabulationem
2379 1852 2679 1926 mulieris,
2713 1851 2762 1915 si

702 1964 934 2017 ‘castus
963 1975 1100 2017 esse
1117 1953 1426 2029 volueris3
1451 1938 1830 2020 absconsum
1851 1978 2130 2044 namque
2149 1958 2214 2022 in
2232 1956 2319 2022 eis
2333 1948 2434 2022 est
2447 1977 2762 2020 venenum

727 2056 1067 2122 bestiarum
1102 2057 1579 2155 nequissimum.
1618 2059 1815 2147 Magis
1848 2062 2288 2157 appropinqua
2327 2061 2454 2150 igni
2484 2061 2760 2147 ardenti,

723 2182 914 2248 quam
936 2158 1187 2227 mulieri
1217 2152 1500 2228 novella.
1513 2160 1697 2228 Cum
1720 2163 1802 2228 sis
1826 2162 2099 2248 juvenis,
2121 2165 2270 2253 fuge
2292 2168 2598 2256 impetum
2622 2163 2766 2229 libi-

732 2265 941 2342 dinis,
946 2277 1034 2357 et
1061 2267 1644 2335 confabulationem
1672 2269 1977 2338 mulieris.
2017 2271 2145 2352 Qui
2185 2274 2591 2361 repleverunt
2613 2291 2752 2334 ven·

730 2380 934 2449 trem,
961 2385 1027 2438 et
1054 2372 1484 2463 promiserunt
1520 2376 1914 2453 castitatem,
1938 2376 2061 2442 sibi
2093 2377 2513 2446 mentiuntur.
2545 2376 2763 2444 Forma

740 2479 1233 2569 pulchritudinis
1276 2481 1460 2571 pejus
1519 2501 1708 2569 quam
1759 2483 2036 2571 procella
2083 2481 2455 2566 submergit.
2517 2479 2767 2568 Species

700 2673 703 2676 .
726 2583 1020 2649 mulieris
1039 2584 1089 2650 si
1115 2587 1309 2651 semel
1337 2597 1614 2650 mentem
1648 2587 2040 2662 contriverit,
2070 2584 2252 2650 etiam
2268 2582 2476 2671 ipsam
2495 2595 2771 2650 mentem

748 2700 1159 2754 contemnere
1189 2692 1543 2775 persuadet.
1575 2692 1656 2755 Ut
1678 2692 1851 2756 enim
1877 2691 1928 2756 si
1961 2690 2155 2780 paleis
2183 2693 2549 2754 remoretur
2577 2689 2766 2778 ignis,

747 2793 979 2858 excitat
1006 2791 1374 2868 ssammam3
1424 2794 1516 2859 sic
1554 2797 1859 2861 memoria
1899 2795 2181 2860 mulieris
2212 2818 2590 2894 permanens
2631 2813 2771 2858 suc-

744 2891 959 2964 cendit
982 2887 1584 2987 concupiscentiam.
1619 2903 1699 2969 Ut
1721 2901 1889 2967 enim
1916 2904 2236 2967 cumulata
2263 2902 2439 2966 navis
2466 2902 2770 2965 undarum

743 3002 874 3068 ictu
905 3003 1222 3084 obruitur,
1256 3005 1349 3096 sie
1379 3009 1577 3076 multa
1608 3008 1936 3096 possidens
1962 3007 2320 3079 monachus
2352 3030 2471 3072 non
2502 3003 2772 3076 salvabi-

746 3118 869 3172 tur.
902 3106 1070 3175 Nihil
1101 3089 1427 3198 possidens
1458 3111 1808 3176 monachus
1841 3111 2073 3174 athleta
2104 3108 2585 3200 insuperabilb.
2595 3105 2774 3172 nibil

746 3214 1071 3304 possidens
1093 3217 1441 3304 monachus
1468 3237 1687 3312 cursor
1717 3212 1893 3286 levis,
1927 3215 2237 3281 velociter
2259 3218 2339 3282 ad
2357 3213 2641 3281 bravium
2665 3233 2773 3276 vo·

660 3397 669 3406 ,
750 3322 1016 3387 cationis
1041 3321 1357 3410 pervenit.
1377 3297 1619 3385 Avarus
1646 3315 1996 3386 monachus
2028 3315 2275 3411 operari
2304 3319 2599 3409 negligit,
2628 3316 2781 3384 nihil

720 3427 1103 3518 possidens
1108 3424 1457 3491 monachus
1488 3438 1633 3514 post
1667 3449 1826 3518 opus
1861 3429 2262 3514 moderatum
2293 3425 2687 3492 orationibus
2718 3434 2781 3487 et

747 3528 1126 3598 lectionibus
1162 3542 1360 3596 vacat.
1403 3529 1645 3616 Avarus
1682 3525 2035 3616 monachus
2061 3513 2432 3608 thesaurizat
2468 3524 2646 3589 sibi
2626 3548 2784 3590 nram

754 3635 817 3703 in
861 3635 961 3701 die
994 3625 1302 3714 ultionis:
1318 3629 1504 3720 nihil
1545 3638 1868 3729 possidens
1907 3637 2253 3703 monachus
2296 3627 2743 3697 thesaurizat
2726 3653 2787 3693 ιιι

756 3735 958 3815 coelo,
962 3752 1051 3814 et
1080 3740 1255 3809 dabit
1284 3743 1537 3808 laudeni)
1567 3766 1716 3808 cum
1749 3740 2003 3830 Angelis
2030 3740 2186 3806 Deo.
2225 3735 2527 3804 Gloriatio
2559 3755 2775 3798 mona·

711 3842 920 3936 vehis,
939 3846 1236 3933 patientia
1255 3847 1938 3934 tribulationibusejus.
1973 3841 2281 3911 Gloriatio
2305 3838 2629 3912 monachi,
2654 3838 2786 3902 lon·

757 3944 1088 4033 ganimitas
1140 3975 1290 4018 cum
1339 3950 1663 4018 charitate.
1728 3949 2035 4018 Gloriatio
2080 3947 2424 4023 monachi,
2473 3933 2642 4010 nulla
2689 3964 2789 4005 res

755 4053 1079 4139 praesentis
1127 4056 1268 4122 vitre
1309 4056 1690 4144 possidere.
1703 4039 2017 4123 Gloriatio
2064 4053 2399 4126 monachi,
2450 4044 2671 4135 vigilia}
2724 4055 2788 4107 οἱ
