<?xml version="1.0" encoding="UTF-8"?>
<!DOCTYPE html PUBLIC "-//W3C//DTD XHTML 1.0 Transitional//EN"
    "http://www.w3.org/TR/xhtml1/DTD/xhtml1-transitional.dtd">
<html xmlns="http://www.w3.org/1999/xhtml" xml:lang="en" lang="en">
 <head>
  <title>
</title>
<meta http-equiv="Content-Type" content="text/html;charset=utf-8" />
  <meta name='ocr-system' content='tesseract 3.04.00' />
  <meta name='ocr-capabilities' content='ocr_page ocr_carea ocr_par ocr_line ocrx_word'/>
</head>
<body>
  <div class='ocr_page' id='page_1' title='image "./sanctorummacari00egypgoog_0409.png"; bbox 0 0 2982 4885; ppageno 0'>
   <div class='ocr_carea' id='block_1_1' title="bbox 1052 513 2331 600">
    <p class='ocr_par' dir='ltr' id='par_1_1' title="bbox 1052 513 2331 600">
     <span class='ocr_line' id='line_1_1' title="bbox 1052 513 2331 600; baseline -0.008 -14"><span class='ocrx_word' id='word_1_1' title='bbox 1052 547 1130 586; x_wconf 72' lang='lat' dir='ltr'><strong>nr,</strong></span> <span class='ocrx_word' id='word_1_2' title='bbox 1180 540 1565 585; x_wconf 69' lang='lat' dir='ltr'><strong>emaum-rn-</strong></span> <span class='ocrx_word' id='word_1_3' title='bbox 2205 513 2331 600; x_wconf 79' lang='lat'><strong>373</strong></span> 
     </span>
    </p>
   </div>
   <div class='ocr_carea' id='block_1_2' title="bbox 291 648 2374 4000">
    <p class='ocr_par' dir='ltr' id='par_1_2' title="bbox 291 648 2337 829">
     <span class='ocr_line' id='line_1_2' title="bbox 291 648 2337 748; baseline -0.005 -24"><span class='ocrx_word' id='word_1_4' title='bbox 291 659 548 748; x_wconf 88' lang='lat' dir='ltr'><strong>ponitus</strong></span> <span class='ocrx_word' id='word_1_5' title='bbox 586 658 839 723; x_wconf 86' lang='lat' dir='ltr'><strong>insitum</strong></span> <span class='ocrx_word' id='word_1_6' title='bbox 874 681 1157 746; x_wconf 78' lang='lat' dir='ltr'><strong>sempor,</strong></span> <span class='ocrx_word' id='word_1_7' title='bbox 1193 679 1264 720; x_wconf 90' lang='lat' dir='ltr'><strong>ac</strong></span> <span class='ocrx_word' id='word_1_8' title='bbox 1301 654 1517 719; x_wconf 84' lang='lat' dir='ltr'><strong>intime</strong></span> <span class='ocrx_word' id='word_1_9' title='bbox 1555 649 1869 715; x_wconf 74' lang='lat' dir='ltr'><strong>sancitum</strong></span> <span class='ocrx_word' id='word_1_10' title='bbox 1910 648 1974 712; x_wconf 89' lang='lat' dir='ltr'><strong>in</strong></span> <span class='ocrx_word' id='word_1_11' title='bbox 2003 659 2219 713; x_wconf 84' lang='lat' dir='ltr'><strong>mente</strong></span> <span class='ocrx_word' id='word_1_12' title='bbox 2258 648 2337 713; x_wconf 76' lang='lat' dir='ltr'><strong>sit</strong></span> 
     </span>
     <span class='ocr_line' id='line_1_3' title="bbox 292 777 420 829; baseline 0 0"><span class='ocrx_word' id='word_1_13' title='bbox 292 777 420 829; x_wconf 83' lang='lat' dir='ltr'><strong>tua.</strong></span> 
     </span>
    </p>

    <p class='ocr_par' dir='ltr' id='par_1_3' title="bbox 294 857 2374 3900">
     <span class='ocr_line' id='line_1_4' title="bbox 384 857 2336 957; baseline -0.008 -22"><span class='ocrx_word' id='word_1_14' title='bbox 384 871 493 935; x_wconf 91' lang='lat'><strong>111.</strong></span> <span class='ocrx_word' id='word_1_15' title='bbox 548 872 628 935; x_wconf 87' lang='lat' dir='ltr'><strong>Ut</strong></span> <span class='ocrx_word' id='word_1_16' title='bbox 661 892 883 935; x_wconf 83' lang='lat' dir='ltr'><strong>avarus</strong></span> <span class='ocrx_word' id='word_1_17' title='bbox 918 869 1270 957; x_wconf 86' lang='lat' dir='ltr'><strong>quispiam,</strong></span> <span class='ocrx_word' id='word_1_18' title='bbox 1303 866 1418 931; x_wconf 85' lang='lat' dir='ltr'><strong>etsi</strong></span> <span class='ocrx_word' id='word_1_19' title='bbox 1453 861 1787 952; x_wconf 86' lang='lat' dir='ltr'><strong>pecuniam</strong></span> <span class='ocrx_word' id='word_1_20' title='bbox 1824 857 2206 946; x_wconf 78' lang='lat' dir='ltr'><strong>congesserit</strong></span> <span class='ocrx_word' id='word_1_21' title='bbox 2236 857 2336 921; x_wconf 80' lang='lat' dir='ltr'><strong>in-</strong></span> 
     </span>
     <span class='ocr_line' id='line_1_5' title="bbox 294 963 2332 1055; baseline -0.008 -13"><span class='ocrx_word' id='word_1_22' title='bbox 294 977 778 1050; x_wconf 80' lang='lat' dir='ltr'><strong>numerabilem,</strong></span> <span class='ocrx_word' id='word_1_23' title='bbox 808 977 979 1043; x_wconf 85' lang='lat' dir='ltr'><strong>hand</strong></span> <span class='ocrx_word' id='word_1_24' title='bbox 1007 976 1374 1047; x_wconf 70' lang='lat' dir='ltr'><strong>exsatiatur,</strong></span> <span class='ocrx_word' id='word_1_25' title='bbox 1408 972 1517 1035; x_wconf 66' lang='lat' dir='ltr'><strong>scd</strong></span> <span class='ocrx_word' id='word_1_26' title='bbox 1548 971 1723 1055; x_wconf 79' lang='lat' dir='ltr'><strong>plura</strong></span> <span class='ocrx_word' id='word_1_27' title='bbox 1751 965 1960 1052; x_wconf 85' lang='lat' dir='ltr'><strong>potius</strong></span> <span class='ocrx_word' id='word_1_28' title='bbox 1984 963 2332 1036; x_wconf 56' lang='lat' dir='ltr'><strong>desiderum</strong></span> 
     </span>
     <span class='ocr_line' id='line_1_6' title="bbox 299 1069 2334 1170; baseline -0.008 -24"><span class='ocrx_word' id='word_1_29' title='bbox 299 1094 406 1146; x_wconf 88' lang='lat' dir='ltr'><strong>aut</strong></span> <span class='ocrx_word' id='word_1_30' title='bbox 437 1081 542 1168; x_wconf 87' lang='lat' dir='ltr'><strong>qui</strong></span> <span class='ocrx_word' id='word_1_31' title='bbox 577 1104 609 1145; x_wconf 85' lang='lat' dir='ltr'><strong>a</strong></span> <span class='ocrx_word' id='word_1_32' title='bbox 645 1081 901 1170; x_wconf 87' lang='lat' dir='ltr'><strong>potione</strong></span> <span class='ocrx_word' id='word_1_33' title='bbox 927 1080 1287 1144; x_wconf 79' lang='lat' dir='ltr'><strong>dulcissima</strong></span> <span class='ocrx_word' id='word_1_34' title='bbox 1315 1089 1460 1140; x_wconf 79' lang='lat' dir='ltr'><strong>ante</strong></span> <span class='ocrx_word' id='word_1_35' title='bbox 1494 1073 1843 1138; x_wconf 73' lang='lat' dir='ltr'><strong>satietatem</strong></span> <span class='ocrx_word' id='word_1_36' title='bbox 1874 1069 2170 1154; x_wconf 81' lang='lat' dir='ltr'><strong>depulsus</strong></span> <span class='ocrx_word' id='word_1_37' title='bbox 2201 1080 2334 1140; x_wconf 86' lang='lat' dir='ltr'><strong>est,</strong></span> 
     </span>
     <span class='ocr_line' id='line_1_7' title="bbox 299 1171 2338 1273; baseline -0.008 -23"><span class='ocrx_word' id='word_1_38' title='bbox 299 1186 466 1250; x_wconf 88' lang='lat' dir='ltr'><strong>sitim</strong></span> <span class='ocrx_word' id='word_1_39' title='bbox 485 1185 681 1273; x_wconf 84' lang='lat' dir='ltr'><strong>magis</strong></span> <span class='ocrx_word' id='word_1_40' title='bbox 708 1187 1032 1250; x_wconf 80' lang='lat' dir='ltr'><strong>accendit:</strong></span> <span class='ocrx_word' id='word_1_41' title='bbox 1067 1185 1157 1249; x_wconf 88' lang='lat' dir='ltr'><strong>sic</strong></span> <span class='ocrx_word' id='word_1_42' title='bbox 1183 1183 1296 1249; x_wconf 84' lang='lat' dir='ltr'><strong>Dei</strong></span> <span class='ocrx_word' id='word_1_43' title='bbox 1321 1193 1540 1270; x_wconf 84' lang='lat' dir='ltr'><strong>gustus</strong></span> <span class='ocrx_word' id='word_1_44' title='bbox 1564 1187 1783 1241; x_wconf 78' lang='lat' dir='ltr'><strong>contra</strong></span> <span class='ocrx_word' id='word_1_45' title='bbox 1810 1197 2063 1238; x_wconf 87' lang='lat' dir='ltr'><strong>omnem</strong></span> <span class='ocrx_word' id='word_1_46' title='bbox 2085 1171 2338 1236; x_wconf 72' lang='lat' dir='ltr'><strong>satieta-</strong></span> 
     </span>
     <span class='ocr_line' id='line_1_8' title="bbox 299 1276 2334 1378; baseline -0.007 -25"><span class='ocrx_word' id='word_1_47' title='bbox 299 1301 428 1355; x_wconf 89' lang='lat' dir='ltr'><strong>tem</strong></span> <span class='ocrx_word' id='word_1_48' title='bbox 475 1289 726 1378; x_wconf 82' lang='lat' dir='ltr'><strong>gloriari</strong></span> <span class='ocrx_word' id='word_1_49' title='bbox 758 1290 964 1362; x_wconf 86' lang='lat' dir='ltr'><strong>novit,</strong></span> <span class='ocrx_word' id='word_1_50' title='bbox 1002 1289 1130 1353; x_wconf 88' lang='lat' dir='ltr'><strong>imo</strong></span> <span class='ocrx_word' id='word_1_51' title='bbox 1164 1300 1401 1374; x_wconf 84' lang='lat' dir='ltr'><strong>quanto</strong></span> <span class='ocrx_word' id='word_1_52' title='bbox 1442 1282 1583 1371; x_wconf 88' lang='lat' dir='ltr'><strong>quis</strong></span> <span class='ocrx_word' id='word_1_53' title='bbox 1622 1279 1816 1368; x_wconf 80' lang='lat' dir='ltr'><strong>magis</strong></span> <span class='ocrx_word' id='word_1_54' title='bbox 1855 1276 2205 1343; x_wconf 77' lang='lat' dir='ltr'>istiusmodi</span> <span class='ocrx_word' id='word_1_55' title='bbox 2240 1276 2334 1340; x_wconf 88' lang='lat' dir='ltr'><strong>di-</strong></span> 
     </span>
     <span class='ocr_line' id='line_1_9' title="bbox 300 1388 2330 1480; baseline -0.005 -24"><span class='ocrx_word' id='word_1_56' title='bbox 300 1393 464 1457; x_wconf 82' lang='lat' dir='ltr'><strong>vitiis</strong></span> <span class='ocrx_word' id='word_1_57' title='bbox 499 1394 805 1467; x_wconf 79' lang='lat' dir='ltr'>abundat,</span> <span class='ocrx_word' id='word_1_58' title='bbox 842 1405 1014 1457; x_wconf 88' lang='lat' dir='ltr'><strong>tanto</strong></span> <span class='ocrx_word' id='word_1_59' title='bbox 1054 1392 1253 1480; x_wconf 83' lang='lat' dir='ltr'><strong>magis</strong></span> <span class='ocrx_word' id='word_1_60' title='bbox 1285 1388 1670 1460; x_wconf 79' lang='lat' dir='ltr'>considerat,</span> <span class='ocrx_word' id='word_1_61' title='bbox 1699 1408 1764 1449; x_wconf 87' lang='lat' dir='ltr'><strong>se</strong></span> <span class='ocrx_word' id='word_1_62' title='bbox 1794 1406 1930 1448; x_wconf 86' lang='lat' dir='ltr'><strong>osse</strong></span> <span class='ocrx_word' id='word_1_63' title='bbox 1968 1403 2330 1471; x_wconf 81' lang='lat' dir='ltr'><strong>pauperem.</strong></span> 
     </span>
     <span class='ocr_line' id='line_1_10' title="bbox 300 1486 2345 1575; baseline -0.007 -14"><span class='ocrx_word' id='word_1_64' title='bbox 300 1497 484 1561; x_wconf 87' lang='lat' dir='ltr'><strong>Tales</strong></span> <span class='ocrx_word' id='word_1_65' title='bbox 515 1497 854 1561; x_wconf 78' lang='lat' dir='ltr'>Christiani</span> <span class='ocrx_word' id='word_1_66' title='bbox 884 1519 1013 1561; x_wconf 94' lang='lat' dir='ltr'><strong>non</strong></span> <span class='ocrx_word' id='word_1_67' title='bbox 1045 1497 1283 1561; x_wconf 86' lang='lat' dir='ltr'><strong>habent</strong></span> <span class='ocrx_word' id='word_1_68' title='bbox 1308 1496 1373 1560; x_wconf 92' lang='lat' dir='ltr'><strong>in</strong></span> <span class='ocrx_word' id='word_1_69' title='bbox 1403 1490 1818 1558; x_wconf 81' lang='lat' dir='ltr'><strong>aestimatione</strong></span> <span class='ocrx_word' id='word_1_70' title='bbox 1854 1511 1963 1553; x_wconf 86' lang='lat' dir='ltr'><strong>sua</strong></span> <span class='ocrx_word' id='word_1_71' title='bbox 2002 1486 2345 1575; x_wconf 80' lang='lat' dir='ltr'><strong>pretiosam</strong></span> 
     </span>
     <span class='ocr_line' id='line_1_11' title="bbox 305 1587 2345 1689; baseline -0.005 -25"><span class='ocrx_word' id='word_1_72' title='bbox 305 1600 582 1666; x_wconf 88' lang='lat' dir='ltr'><strong>animam</strong></span> <span class='ocrx_word' id='word_1_73' title='bbox 625 1601 995 1689; x_wconf 87' lang='lat' dir='ltr'><strong>propriam;</strong></span> <span class='ocrx_word' id='word_1_74' title='bbox 1054 1601 1166 1666; x_wconf 86' lang='lat' dir='ltr'><strong>sed</strong></span> <span class='ocrx_word' id='word_1_75' title='bbox 1213 1602 1387 1667; x_wconf 85' lang='lat' dir='ltr'><strong>velut</strong></span> <span class='ocrx_word' id='word_1_76' title='bbox 1424 1597 1681 1686; x_wconf 86' lang='lat' dir='ltr'><strong>quidam</strong></span> <span class='ocrx_word' id='word_1_77' title='bbox 1710 1616 1968 1684; x_wconf 86' lang='lat' dir='ltr'><strong>prorsus</strong></span> <span class='ocrx_word' id='word_1_78' title='bbox 1999 1589 2177 1655; x_wconf 87' lang='lat' dir='ltr'><strong>nihili</strong></span> <span class='ocrx_word' id='word_1_79' title='bbox 2201 1637 2217 1662; x_wconf 84' lang='lat'><strong>.</strong></span> <span class='ocrx_word' id='word_1_80' title='bbox 2255 1587 2345 1653; x_wconf 83' lang='lat' dir='ltr'><strong>sic</strong></span> 
     </span>
     <span class='ocr_line' id='line_1_12' title="bbox 306 1692 2350 1795; baseline -0.006 -25"><span class='ocrx_word' id='word_1_81' title='bbox 306 1729 373 1772; x_wconf 89' lang='lat' dir='ltr'><strong>se</strong></span> <span class='ocrx_word' id='word_1_82' title='bbox 405 1729 622 1772; x_wconf 86' lang='lat' dir='ltr'><strong>coram</strong></span> <span class='ocrx_word' id='word_1_83' title='bbox 653 1708 790 1772; x_wconf 89' lang='lat' dir='ltr'><strong>Deo</strong></span> <span class='ocrx_word' id='word_1_84' title='bbox 814 1706 1096 1795; x_wconf 85' lang='lat' dir='ltr'><strong>dejectos</strong></span> <span class='ocrx_word' id='word_1_85' title='bbox 1131 1718 1353 1771; x_wconf 88' lang='lat' dir='ltr'><strong>tenent</strong></span> <span class='ocrx_word' id='word_1_86' title='bbox 1377 1754 1396 1780; x_wconf 87' lang='lat'>,</span> <span class='ocrx_word' id='word_1_87' title='bbox 1435 1723 1774 1788; x_wconf 87' lang='lat' dir='ltr'><strong>servosque</strong></span> <span class='ocrx_word' id='word_1_88' title='bbox 1810 1697 2098 1763; x_wconf 87' lang='lat' dir='ltr'><strong>omnium</strong></span> <span class='ocrx_word' id='word_1_89' title='bbox 2138 1692 2350 1759; x_wconf 90' lang='lat' dir='ltr'><strong>homi-</strong></span> 
     </span>
     <span class='ocr_line' id='line_1_13' title="bbox 305 1801 2348 1902; baseline -0.007 -24"><span class='ocrx_word' id='word_1_90' title='bbox 305 1836 463 1879; x_wconf 89' lang='lat' dir='ltr'><strong>num</strong></span> <span class='ocrx_word' id='word_1_91' title='bbox 493 1836 559 1878; x_wconf 90' lang='lat' dir='ltr'><strong>se</strong></span> <span class='ocrx_word' id='word_1_92' title='bbox 591 1814 759 1902; x_wconf 88' lang='lat' dir='ltr'><strong>ipsos</strong></span> <span class='ocrx_word' id='word_1_93' title='bbox 786 1826 1099 1901; x_wconf 81' lang='lat' dir='ltr'><strong>reputant.</strong></span> <span class='ocrx_word' id='word_1_94' title='bbox 1133 1813 1225 1877; x_wconf 86' lang='lat' dir='ltr'><strong>De</strong></span> <span class='ocrx_word' id='word_1_95' title='bbox 1260 1812 1366 1877; x_wconf 87' lang='lat' dir='ltr'><strong>tali</strong></span> <span class='ocrx_word' id='word_1_96' title='bbox 1399 1812 1583 1876; x_wconf 85' lang='lat' dir='ltr'><strong>valde</strong></span> <span class='ocrx_word' id='word_1_97' title='bbox 1606 1809 1838 1897; x_wconf 83' lang='lat' dir='ltr'><strong>gaudet</strong></span> <span class='ocrx_word' id='word_1_98' title='bbox 1865 1806 2061 1878; x_wconf 86' lang='lat' dir='ltr'><strong>Deus,</strong></span> <span class='ocrx_word' id='word_1_99' title='bbox 2087 1814 2153 1868; x_wconf 91' lang='lat' dir='ltr'><strong>et</strong></span> <span class='ocrx_word' id='word_1_100' title='bbox 2183 1801 2248 1866; x_wconf 90' lang='lat' dir='ltr'><strong>in</strong></span> <span class='ocrx_word' id='word_1_101' title='bbox 2274 1821 2348 1865; x_wconf 88' lang='lat' dir='ltr'><strong>ea</strong></span> 
     </span>
     <span class='ocr_line' id='line_1_14' title="bbox 305 1904 2352 2008; baseline -0.008 -22"><span class='ocrx_word' id='word_1_102' title='bbox 305 1922 578 1987; x_wconf 79' lang='lat' dir='ltr'><strong>suaviter</strong></span> <span class='ocrx_word' id='word_1_103' title='bbox 620 1920 966 2008; x_wconf 84' lang='lat' dir='ltr'><strong>requiescit</strong></span> <span class='ocrx_word' id='word_1_104' title='bbox 1001 1919 1211 1983; x_wconf 88' lang='lat' dir='ltr'><strong>anima</strong></span> <span class='ocrx_word' id='word_1_105' title='bbox 1237 1968 1255 1993; x_wconf 90' lang='lat'>,</span> <span class='ocrx_word' id='word_1_106' title='bbox 1299 1916 1437 2005; x_wconf 88' lang='lat' dir='ltr'><strong>ejus</strong></span> <span class='ocrx_word' id='word_1_107' title='bbox 1486 1915 1843 1980; x_wconf 87' lang='lat' dir='ltr'><strong>humilitate</strong></span> <span class='ocrx_word' id='word_1_108' title='bbox 1873 1912 2243 1975; x_wconf 82' lang='lat' dir='ltr'><strong>delectatus.</strong></span> <span class='ocrx_word' id='word_1_109' title='bbox 2284 1904 2352 1970; x_wconf 86' lang='lat' dir='ltr'><strong>Si</strong></span> 
     </span>
     <span class='ocr_line' id='line_1_15' title="bbox 305 2008 2349 2114; baseline -0.008 -24"><span class='ocrx_word' id='word_1_110' title='bbox 305 2048 455 2114; x_wconf 82' lang='lat' dir='ltr'><strong>ergo</strong></span> <span class='ocrx_word' id='word_1_111' title='bbox 488 2024 724 2112; x_wconf 89' lang='lat' dir='ltr'><strong>aliquid</strong></span> <span class='ocrx_word' id='word_1_112' title='bbox 746 2026 941 2090; x_wconf 88' lang='lat' dir='ltr'><strong>habet</strong></span> <span class='ocrx_word' id='word_1_113' title='bbox 971 2023 1284 2112; x_wconf 82' lang='lat' dir='ltr'><strong>quispiam</strong></span> <span class='ocrx_word' id='word_1_114' title='bbox 1303 2071 1322 2097; x_wconf 91' lang='lat'>,</span> <span class='ocrx_word' id='word_1_115' title='bbox 1360 2044 1454 2091; x_wconf 73' lang='lat' dir='ltr'><strong>ne,</strong></span> <span class='ocrx_word' id='word_1_116' title='bbox 1469 2031 1805 2110; x_wconf 84' lang='lat' dir='ltr'><strong>propterea</strong></span> <span class='ocrx_word' id='word_1_117' title='bbox 1832 2012 2114 2087; x_wconf 84' lang='lat' dir='ltr'><strong>infletur,</strong></span> <span class='ocrx_word' id='word_1_118' title='bbox 2142 2008 2349 2075; x_wconf 87' lang='lat' dir='ltr'><strong>existi-</strong></span> 
     </span>
     <span class='ocr_line' id='line_1_16' title="bbox 305 2115 2356 2215; baseline -0.009 -18"><span class='ocrx_word' id='word_1_119' title='bbox 305 2155 487 2199; x_wconf 89' lang='lat' dir='ltr'><strong>mans</strong></span> <span class='ocrx_word' id='word_1_120' title='bbox 522 2156 657 2198; x_wconf 85' lang='lat' dir='ltr'><strong>esse</strong></span> <span class='ocrx_word' id='word_1_121' title='bbox 690 2143 799 2197; x_wconf 85' lang='lat' dir='ltr'><strong>aut</strong></span> <span class='ocrx_word' id='word_1_122' title='bbox 830 2131 1070 2197; x_wconf 84' lang='lat' dir='ltr'><strong>habere</strong></span> <span class='ocrx_word' id='word_1_123' title='bbox 1108 2154 1174 2194; x_wconf 89' lang='lat' dir='ltr'><strong>se</strong></span> <span class='ocrx_word' id='word_1_124' title='bbox 1206 2127 1464 2215; x_wconf 88' lang='lat' dir='ltr'><strong>aliquid.</strong></span> <span class='ocrx_word' id='word_1_125' title='bbox 1508 2126 1666 2192; x_wconf 89' lang='lat' dir='ltr'><strong>Nam</strong></span> <span class='ocrx_word' id='word_1_126' title='bbox 1692 2143 1990 2211; x_wconf 80' lang='lat' dir='ltr'><strong>arrogans</strong></span> <span class='ocrx_word' id='word_1_127' title='bbox 2022 2115 2356 2183; x_wconf 83' lang='lat' dir='ltr'><strong>considen-</strong></span> 
     </span>
     <span class='ocr_line' id='line_1_17' title="bbox 314 2222 2353 2315; baseline -0.009 -12"><span class='ocrx_word' id='word_1_128' title='bbox 314 2239 395 2303; x_wconf 85' lang='lat' dir='ltr'><strong>tia</strong></span> <span class='ocrx_word' id='word_1_129' title='bbox 443 2238 828 2302; x_wconf 75' lang='lat' dir='ltr'><strong>abominatio</strong></span> <span class='ocrx_word' id='word_1_130' title='bbox 874 2249 970 2300; x_wconf 87' lang='lat' dir='ltr'><strong>est</strong></span> <span class='ocrx_word' id='word_1_131' title='bbox 1012 2236 1333 2306; x_wconf 82' lang='lat' dir='ltr'><strong>Domin03</strong></span> <span class='ocrx_word' id='word_1_132' title='bbox 1375 2244 1440 2296; x_wconf 86' lang='lat' dir='ltr'><strong>et</strong></span> <span class='ocrx_word' id='word_1_133' title='bbox 1478 2230 1615 2294; x_wconf 81' lang='lat' dir='ltr'><strong>haec</strong></span> <span class='ocrx_word' id='word_1_134' title='bbox 1653 2252 1687 2292; x_wconf 88' lang='lat' dir='ltr'><strong>a</strong></span> <span class='ocrx_word' id='word_1_135' title='bbox 1725 2226 2040 2315; x_wconf 85' lang='lat' dir='ltr'><strong>principio</strong></span> <span class='ocrx_word' id='word_1_136' title='bbox 2080 2222 2271 2308; x_wconf 86' lang='lat' dir='ltr'><strong>ejecit</strong></span> <span class='ocrx_word' id='word_1_137' title='bbox 2314 2242 2353 2284; x_wconf 85' lang='lat' dir='ltr'><strong>e</strong></span> 
     </span>
     <span class='ocr_line' id='line_1_18' title="bbox 312 2324 2354 2427; baseline -0.009 -23"><span class='ocrx_word' id='word_1_138' title='bbox 312 2341 602 2427; x_wconf 81' lang='lat' dir='ltr'><strong>paradiso</strong></span> <span class='ocrx_word' id='word_1_139' title='bbox 632 2339 981 2402; x_wconf 88' lang='lat' dir='ltr'><strong>hominem.</strong></span> <span class='ocrx_word' id='word_1_140' title='bbox 1035 2336 1095 2399; x_wconf 89' lang='lat' dir='ltr'><strong>Is</strong></span> <span class='ocrx_word' id='word_1_141' title='bbox 1130 2336 1303 2399; x_wconf 88' lang='lat' dir='ltr'><strong>enim</strong></span> <span class='ocrx_word' id='word_1_142' title='bbox 1349 2355 1500 2397; x_wconf 88' lang='lat' dir='ltr'><strong>cnm</strong></span> <span class='ocrx_word' id='word_1_143' title='bbox 1535 2332 1810 2395; x_wconf 84' lang='lat' dir='ltr'><strong>audisset</strong></span> <span class='ocrx_word' id='word_1_144' title='bbox 1840 2353 1854 2391; x_wconf 77' lang='grc' dir='ltr'><strong><em>ε</em></strong></span> <span class='ocrx_word' id='word_1_145' title='bbox 1908 2354 1933 2386; x_wconf 73' lang='grc' dir='ltr'><strong>α</strong></span> <span class='ocrx_word' id='word_1_146' title='bbox 1962 2325 2149 2390; x_wconf 80' lang='lat' dir='ltr'><strong>Eritis</strong></span> <span class='ocrx_word' id='word_1_147' title='bbox 2188 2324 2354 2387; x_wconf 87' lang='lat' dir='ltr'><strong>sicut</strong></span> 
     </span>
     <span class='ocr_line' id='line_1_19' title="bbox 297 2425 2357 2528; baseline -0.009 -23"><span class='ocrx_word' id='word_1_148' title='bbox 297 2444 446 2526; x_wconf 52' lang='lat' dir='ltr'><strong>‚dii</strong></span> <span class='ocrx_word' id='word_1_149' title='bbox 471 2442 523 2516; x_wconf 80' lang='lat'><strong>¹,</strong></span> <span class='ocrx_word' id='word_1_150' title='bbox 559 2471 582 2502; x_wconf 71' lang='grc' dir='ltr'><strong><em>ι</em></strong></span> <span class='ocrx_word' id='word_1_151' title='bbox 622 2441 918 2528; x_wconf 78' lang='lat' dir='ltr'><strong>concepit</strong></span> <span class='ocrx_word' id='word_1_152' title='bbox 944 2441 1114 2503; x_wconf 87' lang='lat' dir='ltr'><strong>illam</strong></span> <span class='ocrx_word' id='word_1_153' title='bbox 1149 2439 1434 2503; x_wconf 86' lang='lat' dir='ltr'><strong>insanam</strong></span> <span class='ocrx_word' id='word_1_154' title='bbox 1459 2457 1663 2521; x_wconf 86' lang='lat' dir='ltr'><strong>spem,</strong></span> <span class='ocrx_word' id='word_1_155' title='bbox 1689 2445 1754 2496; x_wconf 88' lang='lat' dir='ltr'><strong>et</strong></span> <span class='ocrx_word' id='word_1_156' title='bbox 1786 2431 1850 2496; x_wconf 89' lang='lat' dir='ltr'><strong>in</strong></span> <span class='ocrx_word' id='word_1_157' title='bbox 1886 2431 2248 2493; x_wconf 85' lang='lat' dir='ltr'><strong>dementem</strong></span> <span class='ocrx_word' id='word_1_158' title='bbox 2266 2425 2357 2488; x_wconf 92' lang='lat' dir='ltr'><strong>in-</strong></span> 
     </span>
     <span class='ocr_line' id='line_1_20' title="bbox 319 2525 2360 2626; baseline -0.012 -11"><span class='ocrx_word' id='word_1_159' title='bbox 319 2549 550 2615; x_wconf 86' lang='lat' dir='ltr'><strong>tumuit</strong></span> <span class='ocrx_word' id='word_1_160' title='bbox 581 2544 901 2610; x_wconf 82' lang='lat' dir='ltr'><strong>fiduciam.</strong></span> <span class='ocrx_word' id='word_1_161' title='bbox 959 2525 1301 2607; x_wconf 83' lang='lat' dir='ltr'><strong>Considera</strong></span> <span class='ocrx_word' id='word_1_162' title='bbox 1325 2589 1341 2616; x_wconf 89' lang='lat'><em>,</em></span> <span class='ocrx_word' id='word_1_163' title='bbox 1380 2539 1701 2626; x_wconf 84' lang='lat' dir='ltr'><strong>quomodo</strong></span> <span class='ocrx_word' id='word_1_164' title='bbox 1745 2536 1914 2599; x_wconf 89' lang='lat' dir='ltr'><strong>Deus</strong></span> <span class='ocrx_word' id='word_1_165' title='bbox 1952 2544 2102 2596; x_wconf 85' lang='lat' dir='ltr'><strong>tuus</strong></span> <span class='ocrx_word' id='word_1_166' title='bbox 2135 2540 2200 2594; x_wconf 84' lang='lat' dir='ltr'><strong>et</strong></span> <span class='ocrx_word' id='word_1_167' title='bbox 2226 2529 2360 2594; x_wconf 80' lang='lat' dir='ltr'><strong>Rex</strong></span> 
     </span>
     <span class='ocr_line' id='line_1_21' title="bbox 318 2613 2359 2735; baseline -0.01 -17"><span class='ocrx_word' id='word_1_168' title='bbox 318 2666 501 2735; x_wconf 37' lang='lat' dir='ltr'><strong>tunsa</strong></span> <span class='ocrx_word' id='word_1_169' title='bbox 519 2653 630 2716; x_wconf 87' lang='lat' dir='ltr'><strong>sed</strong></span> <span class='ocrx_word' id='word_1_170' title='bbox 653 2662 717 2714; x_wconf 87' lang='lat' dir='ltr'><strong>et</strong></span> <span class='ocrx_word' id='word_1_171' title='bbox 745 2649 859 2714; x_wconf 91' lang='lat' dir='ltr'><strong>Dei</strong></span> <span class='ocrx_word' id='word_1_172' title='bbox 878 2647 1094 2721; x_wconf 83' lang='lat' dir='ltr'><strong>Filius,</strong></span> <span class='ocrx_word' id='word_1_173' title='bbox 1119 2673 1144 2706; x_wconf 77' lang='grc' dir='ltr'><strong>α</strong></span> <span class='ocrx_word' id='word_1_174' title='bbox 1170 2645 1251 2711; x_wconf 87' lang='lat' dir='ltr'><strong>Se</strong></span> <span class='ocrx_word' id='word_1_175' title='bbox 1276 2646 1483 2733; x_wconf 90' lang='lat' dir='ltr'><strong>ipsum</strong></span> <span class='ocrx_word' id='word_1_176' title='bbox 1504 2640 1868 2715; x_wconf 86' lang='lat' dir='ltr'><strong>exinanivit,</strong></span> <span class='ocrx_word' id='word_1_177' title='bbox 1895 2638 2161 2703; x_wconf 85' lang='lat' dir='ltr'><strong>sormam</strong></span> <span class='ocrx_word' id='word_1_178' title='bbox 2190 2613 2359 2704; x_wconf 61' lang='lat' dir='ltr'><strong>servi</strong></span> 
     </span>
     <span class='ocr_line' id='line_1_22' title="bbox 321 2723 2363 2846; baseline -0.009 -25"><span class='ocrx_word' id='word_1_179' title='bbox 321 2787 346 2821; x_wconf 71' lang='grc' dir='ltr'><strong><em>ι</em></strong></span> <span class='ocrx_word' id='word_1_180' title='bbox 368 2753 738 2846; x_wconf 84' lang='lat' dir='ltr'><strong>accipiens².</strong></span> <span class='ocrx_word' id='word_1_181' title='bbox 764 2783 789 2815; x_wconf 73' lang='grc' dir='ltr'><strong><em>ι</em></strong></span> <span class='ocrx_word' id='word_1_182' title='bbox 812 2754 1164 2834; x_wconf 80' lang='lat' dir='ltr'><strong>Quomodo</strong></span> <span class='ocrx_word' id='word_1_183' title='bbox 1195 2774 1435 2841; x_wconf 87' lang='lat' dir='ltr'><strong>pauper</strong></span> <span class='ocrx_word' id='word_1_184' title='bbox 1463 2750 1670 2815; x_wconf 87' lang='lat' dir='ltr'><strong>sactus</strong></span> <span class='ocrx_word' id='word_1_185' title='bbox 1700 2758 1818 2820; x_wconf 88' lang='lat' dir='ltr'><strong>est,</strong></span> <span class='ocrx_word' id='word_1_186' title='bbox 1855 2723 2177 2834; x_wconf 86' lang='lat' dir='ltr'><strong>quomodo</strong></span> <span class='ocrx_word' id='word_1_187' title='bbox 2208 2759 2363 2804; x_wconf 88' lang='lat' dir='ltr'><strong>cum</strong></span> 
     </span>
     <span class='ocr_line' id='line_1_23' title="bbox 322 2839 2363 2951; baseline -0.011 -20"><span class='ocrx_word' id='word_1_188' title='bbox 322 2866 714 2931; x_wconf 87' lang='lat' dir='ltr'><strong>inhonoratis</strong></span> <span class='ocrx_word' id='word_1_189' title='bbox 744 2877 842 2931; x_wconf 88' lang='lat' dir='ltr'><strong>est</strong></span> <span class='ocrx_word' id='word_1_190' title='bbox 871 2872 1236 2951; x_wconf 86' lang='lat' dir='ltr'><strong>reputatus,</strong></span> <span class='ocrx_word' id='word_1_191' title='bbox 1276 2839 1596 2946; x_wconf 84' lang='lat' dir='ltr'><strong>quomodo</strong></span> <span class='ocrx_word' id='word_1_192' title='bbox 1627 2875 1845 2942; x_wconf 86' lang='lat' dir='ltr'><strong>passus</strong></span> <span class='ocrx_word' id='word_1_193' title='bbox 1883 2861 2000 2915; x_wconf 86' lang='lat' dir='ltr'><strong>est.</strong></span> <span class='ocrx_word' id='word_1_194' title='bbox 2039 2847 2106 2912; x_wconf 91' lang='lat' dir='ltr'><strong>Si</strong></span> <span class='ocrx_word' id='word_1_195' title='bbox 2143 2857 2363 2928; x_wconf 73' lang='lat' dir='ltr'><strong>antem</strong></span> 
     </span>
     <span class='ocr_line' id='line_1_24' title="bbox 322 2951 2362 3039; baseline -0.012 -2"><span class='ocrx_word' id='word_1_196' title='bbox 322 2973 425 3039; x_wconf 87' lang='lat' dir='ltr'><strong>ille</strong></span> <span class='ocrx_word' id='word_1_197' title='bbox 462 2995 609 3038; x_wconf 87' lang='lat' dir='ltr'><strong>cum</strong></span> <span class='ocrx_word' id='word_1_198' title='bbox 641 2973 813 3037; x_wconf 91' lang='lat' dir='ltr'><strong>Deus</strong></span> <span class='ocrx_word' id='word_1_199' title='bbox 853 2980 1019 3035; x_wconf 87' lang='lat' dir='ltr'><strong>esset</strong></span> <span class='ocrx_word' id='word_1_200' title='bbox 1061 2966 1206 3031; x_wconf 87' lang='lat' dir='ltr'><strong>talia</strong></span> <span class='ocrx_word' id='word_1_201' title='bbox 1237 2965 1405 3028; x_wconf 87' lang='lat' dir='ltr'><strong>ultro</strong></span> <span class='ocrx_word' id='word_1_202' title='bbox 1434 2959 1673 3027; x_wconf 81' lang='lat' dir='ltr'><strong>subiit:</strong></span> <span class='ocrx_word' id='word_1_203' title='bbox 1718 2970 1786 3022; x_wconf 87' lang='lat' dir='ltr'><strong>tu</strong></span> <span class='ocrx_word' id='word_1_204' title='bbox 1818 2951 2166 3021; x_wconf 83' lang='lat' dir='ltr'><strong>homuncio</strong></span> <span class='ocrx_word' id='word_1_205' title='bbox 2213 2971 2362 3020; x_wconf 89' lang='lat' dir='ltr'><strong>con-</strong></span> 
     </span>
     <span class='ocr_line' id='line_1_25' title="bbox 323 3056 2363 3161; baseline -0.013 -17"><span class='ocrx_word' id='word_1_206' title='bbox 323 3092 532 3145; x_wconf 87' lang='lat' dir='ltr'><strong>cretus</strong></span> <span class='ocrx_word' id='word_1_207' title='bbox 572 3100 764 3144; x_wconf 90' lang='lat' dir='ltr'><strong>carne</strong></span> <span class='ocrx_word' id='word_1_208' title='bbox 806 3087 870 3141; x_wconf 84' lang='lat' dir='ltr'><strong>et</strong></span> <span class='ocrx_word' id='word_1_209' title='bbox 908 3072 1258 3161; x_wconf 80' lang='lat' dir='ltr'><strong>sanguine3</strong></span> <span class='ocrx_word' id='word_1_210' title='bbox 1306 3082 1373 3132; x_wconf 91' lang='lat' dir='ltr'><strong>tu</strong></span> <span class='ocrx_word' id='word_1_211' title='bbox 1406 3079 1575 3131; x_wconf 78' lang='lat' dir='ltr'><strong>terra</strong></span> <span class='ocrx_word' id='word_1_212' title='bbox 1614 3077 1679 3130; x_wconf 85' lang='lat' dir='ltr'><strong>et</strong></span> <span class='ocrx_word' id='word_1_213' title='bbox 1710 3062 1905 3136; x_wconf 87' lang='lat' dir='ltr'><strong>einis,</strong></span> <span class='ocrx_word' id='word_1_214' title='bbox 1943 3060 2070 3126; x_wconf 89' lang='lat' dir='ltr'><strong>heu</strong></span> <span class='ocrx_word' id='word_1_215' title='bbox 2101 3079 2206 3122; x_wconf 90' lang='lat' dir='ltr'><strong>me</strong></span> <span class='ocrx_word' id='word_1_216' title='bbox 2238 3056 2253 3119; x_wconf 76' lang='lat'>1</span> <span class='ocrx_word' id='word_1_217' title='bbox 2286 3065 2363 3119; x_wconf 73' lang='lat' dir='ltr'><strong>*tu</strong></span> 
     </span>
     <span class='ocr_line' id='line_1_26' title="bbox 324 3159 2362 3268; baseline -0.013 -18"><span class='ocrx_word' id='word_1_218' title='bbox 324 3189 561 3254; x_wconf 89' lang='lat' dir='ltr'><strong>nullam</strong></span> <span class='ocrx_word' id='word_1_219' title='bbox 593 3208 670 3250; x_wconf 85' lang='lat' dir='ltr'><strong>ex</strong></span> <span class='ocrx_word' id='word_1_220' title='bbox 708 3197 770 3248; x_wconf 87' lang='lat' dir='ltr'><strong>to</strong></span> <span class='ocrx_word' id='word_1_221' title='bbox 803 3180 953 3247; x_wconf 85' lang='lat' dir='ltr'><strong>boni</strong></span> <span class='ocrx_word' id='word_1_222' title='bbox 996 3178 1378 3268; x_wconf 85' lang='lat' dir='ltr'><strong>particulam</strong></span> <span class='ocrx_word' id='word_1_223' title='bbox 1418 3159 1683 3238; x_wconf 79' lang='lat' dir='ltr'><strong>omnino</strong></span> <span class='ocrx_word' id='word_1_224' title='bbox 1712 3169 1997 3240; x_wconf 77' lang='lat' dir='ltr'><strong>habens3</strong></span> <span class='ocrx_word' id='word_1_225' title='bbox 2042 3164 2157 3230; x_wconf 89' lang='lat' dir='ltr'><strong>sed</strong></span> <span class='ocrx_word' id='word_1_226' title='bbox 2192 3172 2362 3226; x_wconf 86' lang='lat' dir='ltr'><strong>totus</strong></span> 
     </span>
     <span class='ocr_line' id='line_1_27' title="bbox 324 3267 2366 3378; baseline -0.015 -22"><span class='ocrx_word' id='word_1_227' title='bbox 324 3303 595 3378; x_wconf 79' lang='lat' dir='ltr'><strong>quantus</strong></span> <span class='ocrx_word' id='word_1_228' title='bbox 632 3313 698 3360; x_wconf 85' lang='lat' dir='ltr'><strong>es</strong></span> <span class='ocrx_word' id='word_1_229' title='bbox 735 3313 812 3354; x_wconf 85' lang='lat' dir='ltr'><strong>ex</strong></span> <span class='ocrx_word' id='word_1_230' title='bbox 845 3284 1242 3351; x_wconf 87' lang='lat' dir='ltr'><strong>immunditia</strong></span> <span class='ocrx_word' id='word_1_231' title='bbox 1279 3280 1619 3350; x_wconf 83' lang='lat' dir='ltr'><strong>eonssatns,</strong></span> <span class='ocrx_word' id='word_1_232' title='bbox 1655 3279 1852 3342; x_wconf 76' lang='lat' dir='ltr'><strong>aitum</strong></span> <span class='ocrx_word' id='word_1_233' title='bbox 1884 3271 2049 3358; x_wconf 83' lang='lat' dir='ltr'><strong>sapis</strong></span> <span class='ocrx_word' id='word_1_234' title='bbox 2075 3317 2094 3343; x_wconf 91' lang='lat'><strong>,</strong></span> <span class='ocrx_word' id='word_1_235' title='bbox 2129 3278 2194 3330; x_wconf 87' lang='lat' dir='ltr'><strong>ot</strong></span> <span class='ocrx_word' id='word_1_236' title='bbox 2224 3267 2366 3352; x_wconf 82' lang='lat' dir='ltr'><strong>glo-</strong></span> 
     </span>
     <span class='ocr_line' id='line_1_28' title="bbox 327 3368 2369 3471; baseline -0.014 -11"><span class='ocrx_word' id='word_1_237' title='bbox 327 3398 547 3462; x_wconf 84' lang='lat' dir='ltr'><strong>riando</strong></span> <span class='ocrx_word' id='word_1_238' title='bbox 594 3410 657 3460; x_wconf 91' lang='lat' dir='ltr'><strong>te</strong></span> <span class='ocrx_word' id='word_1_239' title='bbox 688 3391 1011 3458; x_wconf 65' lang='lat' dir='ltr'><strong>ostentas?</strong></span> <span class='ocrx_word' id='word_1_240' title='bbox 1050 3389 1224 3467; x_wconf 90' lang='lat' dir='ltr'><strong>Quin</strong></span> <span class='ocrx_word' id='word_1_241' title='bbox 1259 3400 1327 3451; x_wconf 90' lang='lat' dir='ltr'><strong>tu</strong></span> <span class='ocrx_word' id='word_1_242' title='bbox 1358 3386 1409 3450; x_wconf 86' lang='lat' dir='ltr'><strong>si</strong></span> <span class='ocrx_word' id='word_1_243' title='bbox 1433 3383 1693 3471; x_wconf 87' lang='lat' dir='ltr'><strong>quidem</strong></span> <span class='ocrx_word' id='word_1_244' title='bbox 1718 3377 1919 3466; x_wconf 72' lang='lat' dir='ltr'><strong>sapis»,</strong></span> <span class='ocrx_word' id='word_1_245' title='bbox 1955 3382 2216 3461; x_wconf 82' lang='lat' dir='ltr'><strong>propter</strong></span> <span class='ocrx_word' id='word_1_246' title='bbox 2238 3368 2369 3432; x_wconf 81' lang='lat' dir='ltr'><strong>hoc</strong></span> 
     </span>
     <span class='ocr_line' id='line_1_29' title="bbox 329 3472 2371 3589; baseline -0.014 -25"><span class='ocrx_word' id='word_1_247' title='bbox 329 3500 560 3589; x_wconf 87' lang='lat' dir='ltr'><strong>ipsum,</strong></span> <span class='ocrx_word' id='word_1_248' title='bbox 597 3498 773 3586; x_wconf 86' lang='lat' dir='ltr'><strong>qnod</strong></span> <span class='ocrx_word' id='word_1_249' title='bbox 810 3491 1110 3579; x_wconf 86' lang='lat' dir='ltr'><strong>accepisti</strong></span> <span class='ocrx_word' id='word_1_250' title='bbox 1136 3512 1168 3552; x_wconf 90' lang='lat' dir='ltr'><strong>a</strong></span> <span class='ocrx_word' id='word_1_251' title='bbox 1202 3489 1364 3560; x_wconf 85' lang='lat' dir='ltr'><strong>Deo,</strong></span> <span class='ocrx_word' id='word_1_252' title='bbox 1401 3488 1503 3551; x_wconf 84' lang='lat' dir='ltr'><strong>dic</strong></span> <span class='ocrx_word' id='word_1_253' title='bbox 1527 3510 1541 3548; x_wconf 90' lang='lat'>:</span> <span class='ocrx_word' id='word_1_254' title='bbox 1565 3487 1778 3550; x_wconf 88' lang='lat' dir='ltr'><strong>Meum</strong></span> <span class='ocrx_word' id='word_1_255' title='bbox 1809 3481 1936 3546; x_wconf 86' lang='lat' dir='ltr'><strong>hoc</strong></span> <span class='ocrx_word' id='word_1_256' title='bbox 1964 3497 2093 3540; x_wconf 91' lang='lat' dir='ltr'><strong>non</strong></span> <span class='ocrx_word' id='word_1_257' title='bbox 2123 3485 2262 3547; x_wconf 80' lang='lat' dir='ltr'><strong>est3</strong></span> <span class='ocrx_word' id='word_1_258' title='bbox 2292 3472 2371 3536; x_wconf 92' lang='lat' dir='ltr'><strong>ab</strong></span> 
     </span>
     <span class='ocr_line' id='line_1_30' title="bbox 332 3576 2372 3690; baseline -0.016 -20"><span class='ocrx_word' id='word_1_259' title='bbox 332 3606 452 3670; x_wconf 83' lang='lat' dir='ltr'><strong>alio</strong></span> <span class='ocrx_word' id='word_1_260' title='bbox 486 3602 739 3690; x_wconf 81' lang='lat' dir='ltr'><strong>accepi3</strong></span> <span class='ocrx_word' id='word_1_261' title='bbox 774 3612 839 3664; x_wconf 86' lang='lat' dir='ltr'><strong>et</strong></span> <span class='ocrx_word' id='word_1_262' title='bbox 869 3617 1020 3661; x_wconf 89' lang='lat' dir='ltr'><strong>cum</strong></span> <span class='ocrx_word' id='word_1_263' title='bbox 1057 3592 1173 3680; x_wconf 89' lang='lat' dir='ltr'><strong>ipsi</strong></span> <span class='ocrx_word' id='word_1_264' title='bbox 1199 3587 1542 3659; x_wconf 86' lang='lat' dir='ltr'><strong>videbitur,</strong></span> <span class='ocrx_word' id='word_1_265' title='bbox 1572 3609 1829 3672; x_wconf 87' lang='lat' dir='ltr'><strong>prorsus</strong></span> <span class='ocrx_word' id='word_1_266' title='bbox 1851 3580 2095 3648; x_wconf 77' lang='lat' dir='ltr'><strong>auferet</strong></span> <span class='ocrx_word' id='word_1_267' title='bbox 2119 3601 2152 3642; x_wconf 92' lang='lat' dir='ltr'><strong>a</strong></span> <span class='ocrx_word' id='word_1_268' title='bbox 2176 3600 2280 3641; x_wconf 90' lang='lat' dir='ltr'><strong>me</strong></span> <span class='ocrx_word' id='word_1_269' title='bbox 2306 3576 2372 3639; x_wconf 84' lang='lat' dir='ltr'><strong>id</strong></span> 
     </span>
     <span class='ocr_line' id='line_1_31' title="bbox 333 3683 2374 3796; baseline -0.015 -23"><span class='ocrx_word' id='word_1_270' title='bbox 333 3711 505 3796; x_wconf 89' lang='lat' dir='ltr'><strong>quod</strong></span> <span class='ocrx_word' id='word_1_271' title='bbox 528 3707 720 3771; x_wconf 85' lang='lat' dir='ltr'><strong>dedit.</strong></span> <span class='ocrx_word' id='word_1_272' title='bbox 762 3704 867 3767; x_wconf 88' lang='lat' dir='ltr'><strong>Sic</strong></span> <span class='ocrx_word' id='word_1_273' title='bbox 901 3721 1093 3764; x_wconf 90' lang='lat' dir='ltr'><strong>omne</strong></span> <span class='ocrx_word' id='word_1_274' title='bbox 1114 3695 1372 3784; x_wconf 87' lang='lat' dir='ltr'><strong>quidem</strong></span> <span class='ocrx_word' id='word_1_275' title='bbox 1405 3693 1644 3755; x_wconf 87' lang='lat' dir='ltr'><strong>bonum</strong></span> <span class='ocrx_word' id='word_1_276' title='bbox 1677 3689 1977 3762; x_wconf 90' lang='lat' dir='ltr'><strong>Domino,</strong></span> <span class='ocrx_word' id='word_1_277' title='bbox 2006 3683 2243 3764; x_wconf 80' lang='lat' dir='ltr'><strong>malum</strong></span> <span class='ocrx_word' id='word_1_278' title='bbox 2267 3703 2374 3745; x_wconf 87' lang='lat' dir='ltr'><strong>au-</strong></span> 
     </span>
     <span class='ocr_line' id='line_1_32' title="bbox 335 3795 1781 3900; baseline -0.015 -20"><span class='ocrx_word' id='word_1_279' title='bbox 335 3827 464 3880; x_wconf 87' lang='lat' dir='ltr'><strong>tem</strong></span> <span class='ocrx_word' id='word_1_280' title='bbox 501 3826 623 3878; x_wconf 83' lang='lat' dir='ltr'><strong>tuae</strong></span> <span class='ocrx_word' id='word_1_281' title='bbox 657 3810 849 3900; x_wconf 88' lang='lat' dir='ltr'><strong>ipsius</strong></span> <span class='ocrx_word' id='word_1_282' title='bbox 884 3804 1126 3872; x_wconf 82' lang='lat' dir='ltr'><strong>ascribe</strong></span> <span class='ocrx_word' id='word_1_283' title='bbox 1162 3795 1533 3865; x_wconf 83' lang='lat' dir='ltr'><strong>infirmitati.</strong></span> <span class='ocrx_word' id='word_1_284' title='bbox 1770 3873 1781 3890; x_wconf 26' lang='lat' dir='ltr'><strong><em>fl</em></strong></span> 
     </span>
    </p>

    <p class='ocr_par' dir='ltr' id='par_1_4' title="bbox 424 3890 2374 4000">
     <span class='ocr_line' id='line_1_33' title="bbox 424 3890 2374 4000; baseline -0.016 -12"><span class='ocrx_word' id='word_1_285' title='bbox 424 3919 530 3987; x_wconf 93' lang='lat' dir='ltr'><strong>IV.</strong></span> <span class='ocrx_word' id='word_1_286' title='bbox 589 3918 797 4000; x_wconf 89' lang='lat' dir='ltr'><strong>Quem</strong></span> <span class='ocrx_word' id='word_1_287' title='bbox 845 3913 931 3981; x_wconf 87' lang='lat' dir='ltr'><strong>ait</strong></span> <span class='ocrx_word' id='word_1_288' title='bbox 971 3909 1349 3999; x_wconf 84' lang='lat' dir='ltr'><strong>Apostolus,</strong></span> <span class='ocrx_word' id='word_1_289' title='bbox 1406 3928 1432 3964; x_wconf 71' lang='grc' dir='ltr'><strong>α</strong></span> <span class='ocrx_word' id='word_1_290' title='bbox 1474 3901 1872 3968; x_wconf 85' lang='lat' dir='ltr'><strong>Thesaurum</strong></span> <span class='ocrx_word' id='word_1_291' title='bbox 1917 3919 1982 3961; x_wconf 85' lang='lat' dir='ltr'><strong>se</strong></span> <span class='ocrx_word' id='word_1_292' title='bbox 2027 3891 2263 3963; x_wconf 85' lang='lat' dir='ltr'><strong>habere</strong></span> <span class='ocrx_word' id='word_1_293' title='bbox 2308 3890 2374 3957; x_wconf 88' lang='lat' dir='ltr'><strong>in</strong></span> 
     </span>
    </p>
   </div>
   <div class='ocr_carea' id='block_1_3' title="bbox 406 4046 1270 4114">
    <p class='ocr_par' dir='ltr' id='par_1_5' title="bbox 406 4046 1270 4114">
     <span class='ocr_line' id='line_1_34' title="bbox 406 4046 1270 4114; baseline -0.019 -8"><span class='ocrx_word' id='word_1_294' title='bbox 406 4069 418 4093; x_wconf 87' lang='lat'><strong>¹</strong></span> <span class='ocrx_word' id='word_1_295' title='bbox 451 4057 581 4105; x_wconf 83' lang='lat' dir='ltr'><strong>Gen.</strong></span> <span class='ocrx_word' id='word_1_296' title='bbox 611 4069 690 4112; x_wconf 82' lang='lat' dir='ltr'><strong>m,</strong></span> <span class='ocrx_word' id='word_1_297' title='bbox 715 4053 762 4101; x_wconf 83' lang='lat'><strong>5.</strong></span> <span class='ocrx_word' id='word_1_298' title='bbox 790 4079 847 4092; x_wconf 89' lang='lat'><strong>--</strong></span> <span class='ocrx_word' id='word_1_299' title='bbox 876 4065 894 4089; x_wconf 76' lang='lat'><strong>¹</strong></span> <span class='ocrx_word' id='word_1_300' title='bbox 928 4046 1106 4114; x_wconf 82' lang='lat' dir='ltr'><strong>Philip.</strong></span> <span class='ocrx_word' id='word_1_301' title='bbox 1136 4062 1194 4104; x_wconf 80' lang='lat' dir='ltr'><strong>n,</strong></span> <span class='ocrx_word' id='word_1_302' title='bbox 1221 4060 1270 4108; x_wconf 89' lang='lat'><strong>7.</strong></span> 
     </span>
    </p>
   </div>
  </div>
 </body>
</html>
