2982 4885
1073 460 1330 508 neuma
1375 465 1586 515 xxxni.
2229 464 2348 541 84¹

319 577 601 664 dagogo:
651 575 742 640 sic
792 595 1048 662 quoque
1089 577 1285 664 gratia
1337 601 1482 646 cum
1536 582 2001 673 dispensatione
2043 593 2369 683 castigat„

319 682 522 745 donec
556 680 621 744 in
629 678 1006 768 perfectum
1029 680 1237 746 virum
1262 682 1512 748 evadas.

355 844 356 847 ,
405 785 519 851 XI.
573 784 868 873 Agricola
903 807 1121 850 semen
1166 786 1231 850 in
1270 808 1745 875 quamcumque
1783 807 2027 880 partem
2055 802 2349 891 projicit,

316 900 381 954 et
412 889 534 977 qui
566 890 807 977 plantat
842 888 1091 956 vineam
1117 940 1137 967 ,
1176 890 1388 980 cupit,
1434 904 1509 956 ut
1547 904 1679 958 tota
1720 893 1998 966 fructum
2042 906 2348 992 proferat}

315 994 728 1081 postmodum
770 1016 921 1083 ergo
962 994 1131 1061 illata
1169 993 1360 1072 falce,
1412 995 1465 1060 si
1519 1019 1652 1062 non
1700 996 1981 1066 inveniat
2030 1005 2352 1092 fructum,

313 1119 589 1164 moerore
620 1097 938 1165 afficitur:
977 1101 1068 1166 sic
1105 1123 1359 1189 quoque
1397 1102 1710 1168 Dominus
1746 1105 2017 1170 verbum
2041 1131 2230 1175 suum
2258 1138 2369 1181 se-

312 1202 539 1267 minari
568 1207 705 1269 vult
736 1204 800 1269 in
829 1205 1132 1271 cordibus
1156 1206 1511 1272 hominum.
1547 1206 1783 1275 Verum
1808 1209 2075 1298 perinde
2097 1232 2171 1276 ac
2197 1219 2359 1302 agri.

314 1306 455 1371 cola
478 1307 560 1372 ob
591 1308 914 1397 regionem
944 1310 1200 1377 inanem
1234 1311 1521 1401 anginam
1549 1312 1639 1378 sic
1662 1335 1920 1402 quoque
1945 1315 2257 1385 Dominus
2282 1324 2362 1389 de

311 1431 516 1477 vacuo
541 1417 768 1487 eorde,
793 1437 913 1479 nec
939 1413 1186 1507 fructu}
1205 1419 1630 1504 producente,
1658 1414 2103 1491 contristatur„
2130 1421 2379 1501 Quem2·

318 1515 665 1578 admodum
707 1516 878 1580 venti
921 1516 1195 1603 perssant
1232 1519 1471 1605 ubique
1513 1531 1813 1587 cunctam
1865 1536 2223 1590 creaturam
2228 1551 2267 1616 Ξ
2286 1540 2362 1599 ,et

314 1619 858 1706 quemadmodum
904 1621 998 1683 sol
1041 1618 1302 1685 omnem
1355 1634 1592 1688 terram
1648 1624 1955 1700 illustram
2004 1627 2095 1693 sic
2143 1620 2359 1696 Deitas

316 1722 560 1808 ubique
591 1733 724 1797 est,
750 1734 814 1791 et
845 1723 1084 1809 ubique
1114 1725 1443 1812 reperitur.
1485 1724 1553 1791 Si
1581 1750 1823 1812 quaeras
1858 1730 2036 1796 illum
2061 1731 2124 1797 in
2150 1734 2361 1811 ecelis,

319 1826 449 1892 illie
474 1826 788 1915 reperitur
815 1828 880 1893 in
905 1828 1392 1916 cogitationibus
1420 1829 1842 1920 Angelorum3
1864 1834 1916 1898 si
1938 1857 2183 1923 quaeras
2208 1861 2360 1904 eum

311 1929 375 1994 in
407 1941 609 2006 terra,
662 1929 769 1996 hic
815 1954 1068 2020 quoque
1102 1935 1418 2022 reperitur
1462 1934 1530 1999 in
1567 1937 1871 2003 cordibus
1913 1939 2265 2009 hominum.
2305 1943 2361 2010 E

307 2034 523 2099 multis
552 2056 702 2101 vero
720 2038 908 2125 pauci
931 2037 1360 2126 reperiuntur,
1373 2039 1482 2127 qui
1506 2041 1802 2127 placeant
1823 2042 1958 2133 Deo
1978 2044 2365 2155 Christiani*

314 2137 529 2207 Gloria
557 2155 624 2208 et
651 2141 1120 2241 magnificentia
1146 2142 1350 2221 Patri,
1383 2156 1450 2211 et
1479 2144 1642 2213 Filio
1667 2197 1686 2222 ‚
1723 2160 1791 2215 et
1812 2144 2075 2237 Spiritui
2102 2166 2342 2223 sancto.

315 2244 541 2313 Amen.

307 2481 491 2504 mm
958 2479 1481 2504 mmmm

934 2641 1329 2717 HOMILIA
1376 2646 1711 2720 XXXIII.

305 2852 685 2928 Indesinen
693 2862 799 2925 ter
839 2867 912 2925 et
958 2867 1228 2942 attente
1270 2872 1547 2953 oportet
1586 2866 1746 2932 Deo
1784 2877 1957 2936 vota
1975 2860 2237 2959 facere
2275 2886 2361 2952 et(

1154 2994 1467 3070 precare.

391 3181 442 3246 l.
494 3180 982 3258 Oros-ramnos,
1009 3186 1138 3250 no'n
1164 3205 1242 3249 ex
1271 3205 1453 3250 more
1484 3205 1821 3276 corporeo,
1853 3211 1973 3256 nec
2007 3215 2123 3283 pro
2154 3220 2333 3266 moro

297 3284 719 3363 vociferandi,
757 3307 878 3351 nec
908 3309 987 3351 ex
1009 3288 1482 3380 ¹consuetudine
1513 3290 1772 3368 silendi,
1811 3308 1923 3360 aut
1949 3319 2154 3384 genua
2184 3300 2335 3394 ssec-
2374 3377 2379 3382 ¹

297 3392 506 3468 tendi,
548 3414 770 3481 preces
810 3391 1059 3466 facere:
1093 3414 1317 3457 verum
1358 3392 1570 3460 sobrie
1610 3396 1894 3460 animum
1936 3401 2365 3484 attendentes

297 3512 627 3586 expectare
664 3500 911 3569 Deum,
956 3496 1213 3581 quando
1270 3496 1472 3559 aderit
1522 3510 1588 3561 et
1625 3499 1902 3565 visitabit
1942 3524 2061 3589 per
2108 3527 2328 3584 omne.

297 3603 681 3686 egressiones
712 3601 1019 3676 animam,
1046 3621 1162 3686 per
1191 3596 1445 3662 semitas
1469 3598 1608 3683 ejus
1631 3623 1702 3668 ac
1726 3625 2027 3670 sensuum
2049 3629 2322 3698 organag

297 3713 362 3766 ot
392 3702 478 3765 ita
509 3708 760 3787 quando
794 3704 1126 3788 conveniat
1158 3715 1405 3777 tacere,
1439 3714 1505 3768 et
1538 3708 1792 3792 quando
1830 3712 2163 3778 conveniat
2195 3719 2331 3781 'cla-

296 3828 501 3878 mare,
519 3818 590 3874 ret
615 3826 765 3869 cum
795 3804 1238 3870 vociferatione
1260 3808 1532 3893 precari,
1557 3811 1751 3877 modo
1775 3797 1956 3878 mens
1978 3814 2059 3880 sit
2077 3815 2328 3889 firmata

296 3912 363 3979 in
385 3912 610 3980 Deum.
642 3907 912 4008 Perinde
934 3907 1103 3975 enim
1125 3931 1202 3976 ac
1225 3932 1454 4007 corpus
1469 3935 1628 4002 ‚cum
1651 3928 1953 4015 operatur
1973 3921 2323 4014 quippiam,

514 4036 726 4085 xum.
2024 4025 2108 4110 ιδ
