2982 4885
596 473 735 576 ³264
1275 507 1324 558 s.
1377 499 1645 559 alciun
1687 502 1963 561 marr-1¹11

601 635 827 698 eodem
851 623 1043 694 modo
1059 676 1076 704 ‚
1112 623 1163 692 si
1195 626 1491 705 libuerit,
1520 632 1599 696 ad
1621 632 1833 697 omnia
1856 613 2109 721 quoque
2131 631 2438 701 virtutum
2453 648 2648 708 exen-

604 736 749 802 citia
778 756 843 800 se
871 734 1077 822 ipsum
1110 732 1439 822 compellit
1470 745 1659 821 atque
1704 736 1934 824 adigit,
1979 738 2163 804 bonae
2199 741 2644 810 consuetudini

598 860 1004 914 assuescensg
1059 850 1124 903 et
1168 836 1298 913 sic,
1345 837 1457 902 ubi
1505 839 1755 906 assidue
1799 840 2146 910 Dominum
2176 843 2530 912 obtestatus
2567 867 2644 913 ec

588 946 974 1032 'deprecatus
995 991 1012 1019 ‚
1049 954 1116 1008 et
1137 964 1278 1031 quae
1300 941 1555 1031 petierit
1571 993 1590 1019 ‚
1621 945 1886 1034 adeptus
1908 945 2132 1023 fuerit,
2160 947 2367 1015 Deum
2390 962 2642 1039 gustare

590 1049 792 1138 coepit
813 1099 831 1125 ,
856 1071 930 1114 ac
956 1046 1227 1137 Spiritus
1249 1047 1451 1113 sancti
1483 1049 1802 1139 particeps
1836 1051 2042 1118 sactus
2074 1052 2295 1130 suerit,
2331 1055 2456 1121 hoc
2486 1055 2635 1145 agit,

596 1164 671 1219 ut
707 1165 952 1219 crescat
986 1164 1055 1218 et
1085 1152 1295 1218 foveat
1336 1152 1603 1242 gratiam
1635 1155 1754 1220 sibi
1799 1178 2201 1235 concessam,
2235 1160 2640 1247 requiescen—

596 1272 725 1349 tem
751 1259 814 1323 in
846 1257 1242 1335 humilitate,
1279 1257 1345 1324 in
1370 1253 1712 1327 dilectione
1740 1274 1805 1328 et
1828 1266 2317 1331 mansuetudine
2340 1264 2497 1353 ejus.

680 1363 1043 1455 V111.1p⁸e
1074 1363 1346 1453 Spiritus
1377 1367 1664 1456 largitur
1674 1367 1811 1433 haec
1846 1368 1942 1444 ei,
1988 1382 2181 1458 atque
2211 1371 2464 1437 instruit
2490 1394 2635 1438 eum

584 1477 740 1536 *era
761 1472 1065 1561 precandi
1087 1473 1357 1548 ratione,
1385 1495 1533 1541 vera
1555 1474 1930 1555 dilectione,
1957 1498 2102 1542 vera
2129 1475 2630 1552 mansuetudine,

574 1581 676 1645 'ad
699 1601 839 1666 quae
865 1592 1048 1645 antea
1072 1578 1132 1644 vi
1158 1602 1225 1645 se
1249 1583 1697 1670 compellebat,
1727 1606 1869 1671 quae
1893 1583 2280 1672 inquirebat,
2306 1587 2388 1650 de
2407 1582 2634 1671 quibus

594 1685 899 1750 sollicitus
916 1694 1074 1755 erat,
1109 1705 1179 1746 ec
1214 1706 1353 1767 quae
1376 1689 1828 1759 meditabatur,
1853 1709 2119 1771 quoeque
2134 1690 2367 1752 donata
2381 1689 2635 1753 tandem

593 1788 651 1850 ei
682 1797 826 1850 sunt
855 1807 871 1847 :
908 1795 971 1850 et
999 1777 1085 1847 ita
1119 1795 1343 1846 anctus
1375 1797 1442 1848 et
1471 1798 1950 1850 consummatus
1983 1788 2047 1849 in
2080 1786 2218 1850 Deo
2239 1836 2258 1861 ,
2287 1790 2396 1871 qni
2433 1790 2638 1857 haeres

588 1886 767 1974 regni
804 1886 1064 1976 evadat,
1099 1884 1324 1974 dignus
1353 1883 1642 1949 hahetur.
1690 1887 1961 1951 Humilis
1985 1887 2154 1950 enim
2180 1909 2505 1974 nunquam
2535 1897 2639 1956 la·-

582 1994 785 2059 ‘bitur.
819 1991 1000 2055 Unde
1031 1991 1202 2056 enim
1230 1989 1355 2055 labi
1378 1988 1599 2054 liceret
1629 1989 1724 2062 ei,
1758 1988 1866 2074 qui
1891 1988 2009 2054 sub
2038 1989 2335 2056 omnibus
2356 1991 2501 2056 est?
2528 1993 2637 2060 Ni-

580 2099 713 2164 'mia
763 2098 975 2185 itaque
1015 2096 1205 2163 animi
1252 2092 1440 2156 elatio
1479 2113 1729 2156 summa
1766 2105 1863 2157 est
1900 2093 2270 2162 humilitas:
2304 2095 2632 2165 humilitas

588 2225 740 2269 vcro
771 2185 1121 2293 magna‘est
1153 2194 1480 2270 exaltatio,
1518 2195 1899 2263 existimatio
1944 2211 2132 2286 atque
2173 2200 2462 2290 dignitas.
2501 2203 2629 2271 Nos

586 2331 739 2399 ergo
770 2325 1018 2394 quoque
1051 2321 1165 2362 nos
1188 2301 1644 2387 compellamus
1677 2315 1867 2391 atque
1890 2325 2192 2393 cogamus
2218 2328 2333 2371 nos
2355 2306 2524 2396 ipsos
2546 2309 2625 2374 ed

576 2419 681 2484 ⁴hu
751 2415 1033 2482 ilitatem,
1055 2407 1153 2474 vel
1176 2406 1371 2474 invito
1392 2408 1628 2485 animo,
1659 2422 1723 2476 et
1753 2413 1831 2477 ad
1845 2413 2423 2493 mansuetudinem,
2457 2429 2522 2483 et
2544 2419 2626 2485 ad

588 2518 986 2587 dilectionem
1008 2565 1025 2592 ‚
1066 2528 1403 2605 precantes
1439 2528 1628 2602 atque
1662 2518 2068 2584 obsecrantes
2114 2520 2319 2585 Deum
2355 2521 2418 2586 in
2454 2520 2617 2597 fide,

574 2646 695 2717 ⁸spe
739 2643 812 2709 ac
868 2620 1240 2694 dilectione,
1294 2620 1725 2686 indesinenter
1777 2620 1896 2686 hac
1947 2625 2383 2711 expectatione
2435 2624 2621 2719 atque

576 2732 777 2816 'scopo
809 2725 988 2800 freti,
1017 2737 1088 2791 ut
1113 2725 1323 2789 mittat
1359 2724 1665 2813 Spiritum
1692 2727 1967 2792 suumin
1995 2730 2188 2793 corda
2217 2742 2428 2796 nostra
2447 2779 2467 2807 ‚
2492 2753 2618 2819 quo

581 2852 920 2925 precemur
948 2842 1015 2896 et
1048 2831 1383 2895 adoremus
1414 2822 1632 2895 Deum·
1651 2831 1714 2895 in
1741 2830 1979 2920 Spiritu
2005 2845 2075 2898 et
2106 2835 2386 2901 veritate.

570 2960 587 2973 ·’
671 2938 784 3016 lx.
826 2938 980 3023 ‘lpse
1005 2958 1258 3024 quoque
1282 2934 1553 3023 Spiritus
1583 2936 1840 3002 docebit
1863 2960 1978 3004 nos
2001 2961 2216 3005 veram
2240 2963 2507 3029 precum
2527 2963 2618 3007 ra-

584 3046 820 3110 tionem
841 3093 854 3115 .
881 3024 1037 3129 quas
1065 3062 1272 3118 nunc,
1302 3063 1381 3105 ne
1414 3041 1471 3104 vi
1512 3041 1768 3128 quidem
1803 3044 2087 3109 adhibita
2106 3093 2123 3119 ,
2159 3068 2496 3134 possumus
2521 3046 2618 3111 sa·-

574 3158 747 3216 ‘cere.
770 3149 1021 3215 Viscera
1047 3169 1300 3236 quoque
1323 3146 1790 3227 misericordiae,
1811 3151 2291 3240 benignitatem,
2314 3167 2387 3219 et
2408 3153 2618 3219 omnia

576 3257 878 3321 ‘mandata
928 3244 1215 3327 Domini,
1265 3253 1520 3318 docebit
1561 3275 1674 3319 nos
1716 3256 1924 3321 facere
1970 3279 2184 3322 revera
2223 3259 2460 3346 absque
2489 3259 2617 3325 una

572 3333 869 3427 molestia
891 3370 999 3425 ant
1023 3357 1383 3432 coactione5
1404 3371 1594 3447 prout
1617 3361 1790 3424 novit
1815 3358 2084 3448 Spiritus
2109 3362 2212 3426 ille
2236 3365 2482 3452 replere
2503 3383 2616 3428 nos

581 3468 792 3534 fructu
825 3490 957 3531 suo.
976 3465 1204 3557 Atque
1238 3463 1360 3529 hoc
1386 3477 1579 3555 pacto
1609 3465 1921 3530 mandatis
1952 3466 2068 3531 Dei
2111 3490 2145 3532 a
2174 3468 2355 3533 nobis
2388 3469 2618 3554 imple-

584 3576 661 3640 tis
690 3548 1001 3641 beneficio
1035 3569 1303 3659 Spiritus
1343 3570 1474 3647 sui,
1512 3572 1620 3657 qui
1650 3571 1818 3634 solus
1850 3572 2026 3638 novit
2057 3576 2448 3639 voluntatem
2488 3572 2616 3637 Do-

580 3678 737 3745 mini
756 3729 774 3755 ‚
815 3678 1047 3764 quique
1088 3674 1356 3769 Spiritus
1388 3698 1504 3740 nos
1528 3691 1927 3744 consummat
1959 3679 2022 3743 in
2041 3702 2154 3783 pe,
2191 3701 2262 3745 ac
2295 3677 2613 3768 perfectus

579 3788 645 3852 in
679 3783 898 3851 nobis.
944 3779 1286 3868 purificatis
1328 3781 1407 3846 ab
1450 3780 1621 3844 omni
1670 3780 2181 3868 inquinamento,
2214 3807 2287 3850 ac
2321 3784 2613 3850 sordibus

568 3890 825 3981 'peccati
848 3940 866 3966 ,
901 3890 1071 3955 velut
1106 3910 1364 3977 sponsas
1405 3897 1737 3964 venustas,
1771 3891 2010 3956 animas
2042 3903 2290 3956 nostras
2328 3913 2520 3978 puras
2549 3900 2618 3955 et

577 3996 1011 4075 immaculatas
1045 3992 1297 4060 Christo
1327 3990 1688 4069 exhibebit,
1740 3997 2283 4083 requiescentibus
2325 3996 2511 4068 nobis
2548 3993 2615 4061 in

786 4132 799 4143 ο
