2982 4885
1043 520 1124 561 ns
1174 516 1555 569 casatum.
2203 496 2321 562 381

286 637 610 701 materiale
642 647 747 700 aut
788 636 1116 697 terrenum
1151 631 1544 719 cogitaveris.
1585 630 1838 694 Etenim
1871 630 1935 695 in
1967 634 2327 721 exemplum

287 747 589 807 duntaxat
613 763 727 828 per
748 737 1352 802 condescensionem
1378 736 1513 800 haec
1542 748 1967 801 assumuntur.
2006 737 2325 817 Quoniam

287 849 414 924 illa,
452 871 589 933 qum
631 844 727 910 his
758 844 1189 932 designantur,
1234 841 1582 929 spiritualia
1613 852 1679 905 et
1716 841 1916 905 oculis
1948 845 2190 909 carneis
2224 846 2327 910 in·-

286 954 578 1039 coutigua
625 961 790 1015 sunt.
851 949 1096 1013 Animae
1143 970 1291 1013 vero
1338 959 1572 1011 sauctae
1621 968 1691 1009 ac
1745 944 1946 1010 fideli·
1970 948 2088 1012 sub
2140 972 2324 1016 com·-

284 1056 766 1145 pratu-usinum
799 1053 1059 1119 veniunt
1086 1064 1151 1118 et
1189 1053 1317 1140 ipsa
1355 1051 1854 1117 communicatio
1891 1053 2090 1118 sancti
2120 1052 2319 1142 Spiri-
2364 1074 2381 1091 ··

285 1176 422 1234 tus,
463 1174 526 1226 ct
572 1159 1037 1247 supercoelestis
1074 1156 1386 1230 thesauri,
1439 1154 1618 1219 chori
1665 1177 1736 1218 ac
1769 1155 1923 1221 sesta
1957 1168 2319 1225 sanctorum

283 1268 691 1354 Angelorum.
740 1263 912 1344 Quin
946 1262 1045 1327 isti
1071 1275 1317 1326 tautum
1340 1258 1583 1325 homini
1609 1259 1939 1327 manifesta
1972 1258 2133 1327 fiunt
2157 1311 2175 1337 ,
2209 1264 2319 1350 qui

283 1372 786 1459 experimentum
815 1390 1040 1431 corum
1079 1365 1342 1455 coeperit
1360 1390 1378 1440 3
1412 1388 1543 1430 non
1576 1364 1974 1430 introductus
2006 1380 2218 1433 autem
2253 1369 2318 1434 in

280 1476 412 1538 lucc
448 1476 658 1558 adyta,
699 1492 818 1535 nec
845 1473 1377 1556 qualemcumque
1411 1469 1631 1533 talium
1663 1467 1936 1533 formare
1969 1470 2176 1534 ideam
2201 1494 2319 1558 po-
2409 1475 2420 1497 ⁸

283 1588 422 1640 test.
467 1577 851 1641 Revereuter
896 1573 1086 1661 igitur
1129 1575 1208 1638 de
1248 1572 1619 1659 hujusmodi
1654 1571 1848 1636 rebus
1890 1572 2075 1648 audi,
2111 1576 2322 1660 quoad

285 1681 396 1745 tibi
422 1679 749 1767 contingat
771 1678 1055 1747 credenti
1080 1690 1150 1743 ut
1174 1679 1401 1767 dignus
1424 1676 1715 1743 habearis
1745 1677 2041 1743 fruitione
2067 1691 2320 1753 tuarum

280 1810 515 1852 rerum.
569 1786 649 1851 Et
691 1797 841 1849 tunc
879 1784 1038 1849 scies
1083 1786 1213 1873 ipsa
1253 1771 1640 1871 experientia
1686 1785 2021 1848 oculorum
2054 1784 2314 1860 animae,

275 1894 561 1981 qualium
609 1891 927 1956 bonorum
984 1891 1206 1955 animae
1251 1890 1756 1955 Christianorum
1804 1888 1943 1955 fieri
1986 1904 2314 1979 compotes

275 2025 530 2101 queant.
577 2010 737 2077 Nam
782 2011 846 2074 in
892 2011 1356 2075 resurrectione
1400 2012 1654 2099 corpori
1693 2033 1949 2098 quoque
1987 2012 2314 2101 continget

273 2119 503 2184 horum
528 2139 668 2181 esse
698 2114 1014 2203 participi,
1047 2114 1391 2203 videreque
1414 2115 1520 2179 illa
1550 2128 1613 2180 et
1646 2115 1923 2202 quodam
1947 2118 2141 2182 modo
2171 2120 2314 2206 pal-

275 2247 458 2310 pare,
496 2221 750 2305 quando
784 2220 990 2305 ipsum
1022 2219 1347 2304 spirituale
1376 2220 1616 2283 sactum
1648 2220 1859 2284 suerit.

366 2322 536 2389 xlv.
590 2320 849 2405 Propria
893 2321 1117 2383 animae
1146 2333 1379 2384 nostrae
1411 2323 1640 2385 decora
1662 2370 1681 2396 ,
1721 2334 1787 2385 et
1825 2323 1977 2386 boni
2010 2324 2254 2389 fructus
2286 2375 2307 2403 ,

279 2425 572 2491 videlicet
601 2421 799 2487 oratio
822 2471 840 2497 ,
881 2422 1188 2499 charitas,
1215 2422 1501 2509 fidesque
1525 2436 1591 2488 et
1620 2424 1826 2510 vigilia
1858 2435 1924 2488 et
1953 2423 2268 2509 jejunium
2289 2477 2308 2504 ,

278 2548 342 2598 ct
387 2532 505 2597 alia
549 2529 855 2593 virtutum
909 2527 1114 2592 officia
1155 2575 1172 2601 ,
1216 2527 1326 2593 uhi
1370 2527 1563 2592 mixta
1609 2539 1725 2615 per
1765 2528 2311 2616 participationem

245 2639 470 2702 ‘suerit
495 2634 928 2700 communioni
952 2633 1246 2722 Spiritus,
1290 2645 1442 2698 tunc
1471 2645 1536 2699 et
1559 2633 1715 2722 ipsa,
1752 2635 1921 2699 velut
1959 2634 2309 2721 thymiama

280 2742 646 2828 conjectum
693 2738 759 2802 in
803 2738 1048 2826 ignem,
1097 2739 1463 2826 opulentam
1502 2738 1802 2804 emittunt
1845 2738 2249 2827 fragrantiam
2285 2765 2303 2807 z

278 2848 388 2912 sed
420 2857 486 2912 et
515 2843 700 2914 nobis
738 2843 1024 2908 redditur
1054 2841 1236 2910 facile
1270 2843 1627 2910 conversari
1653 2865 1930 2931 congrue
1967 2846 2046 2909 ad
2083 2848 2308 2911 volun-

278 2964 470 3018 tatem
497 2947 667 3026 M,
713 2962 936 3038 utpote
972 2971 1121 3013 cum
1160 2948 1294 3014 sine
1328 2947 1566 3037 Spiritu
1609 2961 1859 3025 sancto,
1901 2954 2310 3036 quemadmo-

276 3063 438 3124 dum,
471 3057 606 3146 jam
642 3067 826 3138 antea
863 3055 1109 3121 dictum
1142 3068 1272 3130 cst,
1310 3077 1502 3120 nemo
1552 3054 1745 3143 possit
1797 3054 2146 3143 intelligere
2189 3057 2305 3123 Dei

276 3153 681 3230 voluntatem.
710 3164 791 3228 Ut
813 3163 983 3227 enim
1014 3184 1154 3248 quae
1187 3161 1321 3225 viro
1354 3159 1541 3225 nubit
1571 3160 1822 3234 mulier,
1851 3161 2025 3248 prius
2046 3163 2305 3248 quidem

276 3295 467 3358 quam
499 3271 556 3335 ei
588 3269 1034 3356 conjungatur,
1064 3266 1320 3356 proprio
1356 3266 1507 3332 vivit
1539 3267 1802 3331 arbitrio
1830 3314 1847 3339 ‚
1877 3279 1940 3330 et
1965 3277 2154 3351 prout
2187 3267 2305 3352 ipsi

276 3378 525 3441 libitum
556 3387 649 3440 est
680 3377 761 3439 de
793 3397 858 3437 se
890 3374 1165 3437 consulit
1191 3398 1210 3445 ς
1246 3373 1437 3436 simul
1469 3384 1680 3436 autem
1705 3371 1821 3435 sub
1848 3369 2058 3435 mariti
2083 3389 2306 3436 conve-

278 3482 444 3545 nerit
461 3501 746 3551 manum,
773 3477 891 3540 sub
918 3497 994 3539 eo
1014 3495 1230 3537 rerum
1260 3476 1546 3537 omnium
1575 3474 2027 3557 actionumque
2050 3495 2306 3539 suarum

281 3586 677 3649 moderatore
702 3580 888 3653 vivit,
928 3601 995 3641 se
1030 3576 1346 3662 respicere
1378 3575 1575 3659 ipsam
1606 3600 1682 3640 ex
1709 3601 1785 3642 eo
1816 3577 2144 3651 desineus;
2172 3581 2307 3667 pari

279 3689 473 3752 modo
519 3697 585 3750 et
623 3684 829 3747 anima
873 3681 1045 3768 prius
1086 3679 1317 3743 habeat
1353 3678 1744 3743 voluntatem
1789 3683 2129 3766 quamdam
2169 3706 2309 3771 pro-

281 3793 486 3882 priam
506 3840 522 3866 ,
554 3793 722 3879 leges
747 3810 1018 3873 ususque
1055 3784 1384 3875 proprios,
1415 3805 1607 3872 opera
1638 3786 1890 3874 propria
1918 3810 1933 3852 :
1976 3801 2307 3877 postquam

269 3922 432 3980 ,yero
463 3897 653 3992 digna
679 3895 848 3969 sacta
875 3892 1105 3973 fuerit,
1139 3914 1278 3984 quae
1308 3893 1745 3983 supercoelesti
1772 3892 1908 3964 viro
1933 3893 2307 3990 jungeretur
