2982 4885
524 527 657 619 278
1203 546 1252 589 s.
1305 546 1572 594 mesen
1615 547 1886 594 aen-ru

521 678 591 738 et
632 685 817 732 verus
860 685 1005 737 rex,
1040 683 1319 749 eumque
1362 685 1520 730 voce
1560 690 1672 731 sua
1716 665 2004 752 dignatus
2036 662 2100 727 in
2147 662 2373 727 faciem
2409 685 2559 751 per-

530 770 746 844 cussit,
790 782 978 855 atque
1011 780 1083 832 ut
1111 790 1363 832 servum
1403 769 1709 835 liberavit.
1723 770 1880 834 Vide
1914 768 2170 832 Domini
2207 767 2558 834 bonitatem

524 887 597 938 et
627 874 1135 946 conversionem,
1169 893 1296 958 quo
1342 886 1534 960 pacto
1583 875 1781 963 possit
1823 885 2071 938 mutare
2124 873 2362 938 animas
2405 873 2557 939 vitio

527 977 980 1066 agglutinatus,
1014 987 1081 1040 et
1122 974 1363 1041 seroces
1403 975 1688 1056 effectas,
1723 991 1910 1065 atque
1938 991 2264 1042 momento
2289 977 2507 1042 horae'
2486 1001 2554 1092 m

527 1105 708 1148 suam
741 1082 937 1171 ipsius
966 1081 1315 1147 bonitatem
1347 1096 1414 1147 et
1440 1106 1664 1172 pacem
1689 1086 2054 1149 traducere!

618 1187 732 1252 lx,
774 1187 1004 1252 Omnia
1037 1187 1209 1251 enim
1252 1188 1420 1275 apud
1461 1189 1669 1254 Deum
1701 1200 1846 1254 sunt
1867 1188 2229 1277 possibilia3
2269 1200 2341 1252 ut
2384 1187 2448 1252 in
2473 1189 2563 1253 la·

527 1302 715 1358 trono
738 1292 1037 1380 contigit,
1057 1291 1165 1378 qui
1196 1305 1522 1358 momento
1539 1295 1712 1359 horae
1724 1317 1839 1383 per
1851 1296 2042 1359 fldem
2074 1315 2413 1360 conversus
2438 1305 2556 1370 est,

526 1407 594 1460 et
651 1396 717 1460 in
753 1397 1115 1484 paradisum
1175 1401 1533 1464 translatus.
1571 1399 1872 1488 Proptera
1914 1399 2086 1464 venit
2133 1400 2462 1474 Dominus,
2490 1403 2558 1463 ut

525 1501 768 1567 animas
798 1513 1044 1569 nostras
1063 1515 1462 1568 converteret
1490 1517 1679 1592 atque
1703 1504 2098 1578 reformaret,
2117 1526 2192 1569 ac
2216 1504 2409 1570 saciat
2431 1505 2558 1578 eas,

529 1619 603 1671 ut
618 1609 926 1696 scriptum
951 1620 1046 1673 est
1072 1629 1089 1671 ε
1113 1635 1138 1668 ι
1161 1608 1402 1673 Divinas
1433 1621 1759 1674 consortes
1789 1609 2093 1685 naturae¹,
2114 1634 2141 1668 ι
2187 1621 2251 1673 et
2281 1607 2567 1673 conserat

525 1711 597 1776 in
630 1715 906 1778 animam
942 1725 1227 1776 nostram
1256 1715 1577 1776 coelestem
1614 1713 1912 1783 animam,
1950 1713 2072 1776 hoc
2103 1724 2219 1786 est,
2259 1711 2570 1798 Spiritum

526 1817 843 1890 divinum,
882 1815 1310 1877 deducentem
1356 1835 1473 1876 nos
1521 1813 1587 1876 in
1633 1834 1888 1876 omnem
1913 1813 2235 1886 virtutem,
2274 1826 2347 1875 ut
2373 1816 2570 1878 vitam

527 1933 829 1985 oeternam
860 1914 1069 1978 vivere
1096 1916 1427 2001 possimus.
1469 1914 1740 2002 Oportet
1767 1936 1918 2002 ergo
1942 1937 2019 1978 ex
2053 1925 2182 1978 toto
2212 1917 2409 1979 corde
2448 1938 2568 1979 nos

530 2025 792 2088 credere
834 2017 1362 2082 inenarrabilibus
1406 2018 1546 2104 ejus
1590 2020 2154 2106 promissionibus,
2197 2021 2343 2107 quia
2374 2041 2573 2085 verax

526 2139 645 2200 est,
681 2124 788 2210 qui
835 2122 1144 2210 promisit.
1195 2124 1601 2214 Quapropter
1651 2128 1834 2190 decet
1888 2126 2148 2214 diligere
2189 2124 2561 2201 Dominum,

527 2242 715 2316 atque
739 2229 1127 2294 contendere
1158 2229 1418 2294 omnino
1443 2229 1507 2293 in
1532 2230 1827 2294 omnibus
1844 2231 2208 2305 virtutibus,
2232 2242 2299 2294 et
2321 2230 2564 2295 assidue

526 2347 753 2425 petere
794 2333 1033 2421 absque
1079 2335 1252 2398 omni
1290 2334 1781 2411 intermissione,
1816 2345 1887 2398 ut
1917 2317 2390 2422 consequamur
2418 2358 2566 2424 pro-

524 2437 901 2531 missionem
938 2438 1211 2529 Spiritus
1234 2440 1375 2528 ejus
1403 2440 1645 2529 integre
1668 2464 1743 2506 ac
1762 2440 2065 2530 perfecte,
2094 2464 2221 2529 quo
2245 2439 2564 2506 vivificen-

534 2544 639 2613 tu'r
672 2549 898 2613 animae
928 2560 1184 2621 nostras,
1220 2548 1454 2635 quippe
1485 2546 1595 2633 qui
1628 2547 1838 2613 adhuc
1863 2548 1928 2611 in
1961 2570 2151 2613 carne
2182 2569 2419 2612 sumus.
2440 2545 2563 2612 Nisi

528 2654 713 2718 enim
750 2654 816 2715 in
850 2652 975 2715 hoc
1011 2654 1242 2715 saeculo
1283 2664 1625 2715 consecuta
1659 2654 1848 2717 suerit
1881 2653 2085 2717 anima
2118 2651 2564 2717 sanctificatio-

526 2780 682 2824 nem
717 2755 988 2844 Spiritus
1006 2776 1253 2818 summa
1282 2753 1408 2817 fide
1442 2768 1630 2841 atque
1674 2758 2220 2832 obsecratione,et
2255 2756 2563 2846 particeps

528 2861 765 2926 divinae
799 2870 1040 2925 naturae
1071 2858 1235 2922 sacta
1268 2858 1480 2934 suerit,
1514 2861 1820 2949 permixta
1856 2863 2106 2951 gratiae,
2144 2863 2324 2949 cujus
2368 2862 2564 2926 hene-

528 2965 683 3033 ficio
712 2982 906 3029 omne
936 2954 1307 3028 mandatum
1350 2967 1586 3053 absque
1618 2969 2108 3057 reprehensione
2138 2980 2199 3034 et
2228 2988 2381 3055 pure
2411 2985 2558 3052 per-

532 3068 727 3134 fieere
752 3068 1007 3156 poterit,
1052 3088 1182 3134 non
1212 3070 1306 3136 es't
1333 3084 1474 3160 apta
1502 3076 1581 3138 ad
1596 3096 1860 3162 regnum
1883 3078 2206 3140 coelorum.
2237 3068 2565 3157 Quidquid

534 3173 708 3238 enin
746 3173 897 3239 boni
923 3174 1063 3262 quis
1093 3176 1222 3263 jam
1262 3178 1413 3243 hinc
1441 3180 1813 3257 obtinuerit,
1840 3181 2012 3248 hoe
1996 3203 2201 3270 ipsum
2234 3181 2299 3245 in
2331 3179 2434 3245 illa
2465 3176 2568 3243 die

527 3280 660 3345 erit
681 3281 825 3370 effus
851 3281 1003 3358 vita,
1039 3292 1167 3371 per
1181 3282 1453 3362 Patrem,
1485 3296 1551 3352 et
1567 3286 1834 3367 Filium,
1861 3302 1927 3356 et
1949 3288 2255 3378 Spiritum
2280 3292 2572 3405 sanctum

524 3386 601 3451 in
635 3389 887 3459 meula.
927 3389 1153 3454 Amen.
1608 3425 1615 3433 -

607 3518 979 3583 ’ai'etrmid

528 3613 650 3651 .··ι
