2982 4885
668 491 801 575 ‘146
1343 512 1390 555 s.
1446 495 1711 556 menn
1758 499 2026 556 »terrm

758 631 868 701 m.
904 628 1466 714 Quemadmodum
1493 628 1688 705 enim,
1719 627 1768 693 si
1787 628 2006 716 aliquis
2034 639 2130 693 est
2153 625 2261 715 qui
2288 637 2426 693 erat
2460 617 2702 697 amicus
2821 645 2836 655 ⁸

665 738 852 830 r'e'gis,
888 747 953 802 et
986 735 1218 826 palatio
1251 735 1357 800 dat
1394 757 1652 824 operam
1675 785 1692 810 ‚
1735 756 1808 799 ac
1845 745 2087 800 secreta
2117 732 2282 823 regis
2327 737 2694 823 cognoscit,

665 856 852 938 atque
883 843 1121 933 regiam
1156 840 1464 932 conspicit
1484 863 1834 930 purpuram
1851 864 1871 915 ς
1907 861 2182 930 eumque
2214 840 2541 930 contingat
2564 840 2699 908 fieri
2762 914 2769 920 ,

663 961 911 1038 regem,
946 961 1010 1038 et
1040 947 1368 1020 coronari,
1405 945 1686 1011 novitate
1718 968 1935 1012 rerum
1960 968 2088 1011 non
2112 945 2506 1035 obstupescit
2525 997 2543 1022 ‚
2579 969 2696 1014 nec

660 1061 839 1119 metu
858 1052 1248 1143 percellitur,
1276 1073 1353 1142 eo
1384 1052 1559 1139 quod
1590 1052 1782 1141 longo
1805 1062 2092 1141 tempore
2116 1051 2180 1115 in
2214 1051 2460 1116 arcanis
2484 1051 2696 1140 palatii

658 1155 971 1226 exercitus
1007 1158 1240 1233 fuerit3
1289 1178 1692 1246 nequaquam
1733 1157 1907 1222 enim
1958 1155 2096 1221 fieri
2146 1156 2340 1230 solet,
2389 1167 2462 1221 ut
2492 1157 2631 1243 quis
2659 1179 2695 1222 e

658 1265 991 1356 gregariis.
1028 1261 1425 1351 simplicibus
1454 1274 1644 1348 atquc
1675 1262 2125 1350 mysteriorum
2149 1261 2383 1350 ignaris
2419 1260 2690 1327 bomini-

657 1371 803 1446 bus,
835 1361 1099 1436 accedat
1121 1372 1205 1458 ad
1229 1368 1407 1458 regni
1436 1368 2070 1445 administrationem,
2107 1367 2221 1434 sed
2251 1368 2453 1433 solum
2478 1368 2554 1441 ii.
2585 1367 2693 1455 qui

659 1476 951 1543 doctrina
979 1486 1044 1542 et
1092 1474 1477 1565 experientia
1509 1473 1805 1542 instructi
1843 1487 2008 1542 sunt.
2051 1473 2157 1540 Sic
2190 1496 2442 1562 quoque
2473 1471 2692 1537 Chris-

655 1578 868 1658 tianis,
897 1582 1007 1672 qui
1036 1581 1358 1673 regnaturi
1387 1580 1627 1648 suntin
1659 1582 1766 1650 illo
1790 1584 2045 1660 saeculo,
2080 1580 2240 1648 nibil
2265 1581 2411 1647 novi
2441 1591 2510 1645 et
2528 1578 2694 1645 inex·

655 1689 895 1778 pectati
929 1689 1157 1754 accidit
1179 1737 1197 1762 ,
1235 1688 1471 1775 quippe
1508 1688 1617 1773 qui
1656 1701 1840 1753 antea
1878 1688 2010 1774 jam
2049 1699 2362 1752 noverunt
2398 1683 2696 1773 mysteria

663 1794 879 1880 gratim
908 1792 934 1855 ἐ
968 1802 1302 1878 propterea
1334 1792 1530 1861 enim,
1566 1793 1739 1874 quod
1769 1791 1964 1853 bomo
1996 1801 2418 1874 transgressus
2436 1791 2517 1855 sit
2541 1790 2700 1854 fines

655 1892 971 1968 mandati,
1000 1893 1292 1958 diabolus
1321 1889 1681 1956 universam
1712 1889 1985 1980 animam
2017 1889 2355 1978 caliginoso
2383 1893 2710 1959 velamine

657 1997 907 2089 operm‘t
938 2019 956 2060 ε
1004 2001 1225 2062 veruin
1278 1997 1691 2085 postmodum
1752 1995 1998 2062 accedit
2063 1993 2288 2085 gratia,
2332 2005 2398 2059 et
2443 1996 2708 2063 exuitur

653 2123 911 2193 prorsus
931 2103 1220 2168 velamen
1252 2101 1431 2177 illud,
1460 2100 1551 2167 ita
1580 2114 1655 2167 ut
1686 2112 1906 2192 postea
1942 2101 2171 2178 anima,
2206 2099 2488 2191 pristinae
2520 2104 2701 2191 puri-

653 2206 766 2273 tati
798 2218 984 2295 atque
1027 2206 1297 2298 propriae
1328 2207 1520 2274 statui
1567 2220 1849 2284 naturae,
1895 2220 2203 2273 creaturae
2237 2206 2486 2273 scilicet
2524 2231 2698 2298 purae

656 2323 844 2402 atque
868 2311 1430 2403 ineprehensibili,
1464 2314 1759 2380 restituta
1785 2325 2096 2403 perpetuo
2123 2333 2194 2378 ac
2218 2333 2377 2401 pure
2395 2313 2695 2401 purisque

655 2419 855 2487 oculis
884 2419 1155 2510 gloriam
1178 2420 1311 2486 veri
1354 2419 1617 2487 luminis
1657 2419 2046 2509 conspiciat,
2095 2440 2445 2507 verumque
2482 2417 2694 2486 Solem

652 2526 908 2618 justitiae
938 2528 1004 2594 in
1032 2528 1378 2596 visceribus
1408 2527 1644 2602 cordis,
1682 2527 1944 2615 fulgoris
1974 2526 2039 2591 in
2063 2526 2325 2591 modum
2359 2525 2691 2615 splenden-

659 2644 815 2699 tem.

738 2710 847 2801 IV.
903 2733 1083 2800 Sicut
1105 2734 1273 2798 enim
1308 2732 1374 2798 in
1404 2731 1952 2799 consummatione
1977 2732 2246 2822 perituri
2285 2703 2686 2811 firmamenti,

655 2840 809 2931 justi
844 2839 1282 2935 inposterum
1344 2837 1410 2901 in
1435 2858 1675 2925 regno,
1729 2836 1968 2906 lumine
1997 2849 2191 2928 atque
2234 2841 2432 2930 gloria
2469 2840 2690 2908 victuri

657 2959 838 3024 sunt,
900 2940 1061 3009 nihil
1091 2941 1261 3009 aliud
1302 2942 1624 3009 intuentes
1674 2964 1865 3032 quam
1910 2967 2037 3033 quo
2069 2959 2256 3035 pacto
2291 2948 2590 3013 Christus
2628 2947 2689 3013 in
2769 2948 2770 2951 ’

655 3049 859 3141 gloria
886 3061 1199 3141 perpetuo
1240 3047 1321 3115 sit
1348 3047 1429 3115 ad
1470 3049 1757 3117 dextram
1785 3050 1986 3141 Patris
2015 3074 2031 3116 τ
2065 3052 2154 3118 sic
2179 3054 2432 3141 quoque
2461 3050 2553 3129 bi,
2586 3053 2691 3143 qui
2717 3070 2724 3076 ·

656 3153 872 3221 exboc
897 3153 962 3220 in
989 3153 1158 3221 aliud
1181 3155 1484 3222 saeculnm
1508 3153 1753 3244 abrepti
1770 3168 1960 3245 atque
1984 3156 2214 3247 captivi
2241 3157 2500 3225 abducti
2518 3172 2687 3237 sunt,

657 3280 1079 3350 quacumque
1117 3262 1265 3343 sunt
1308 3258 1398 3324 ibi
1471 3257 1741 3346 pulchra
1789 3272 1977 3350 atque
2028 3263 2446 3329 admiratione
2507 3264 2694 3353 digna

657 3369 1190 3457 contemplantur.
1243 3362 1372 3431 Nos
1404 3361 1608 3441 enim,
1653 3366 1764 3454 qui
1797 3367 2008 3437 adbuc
2035 3369 2103 3435 in
2141 3381 2310 3437 terra
2353 3393 2594 3447 sumus,
2628 3372 2693 3438 in

656 3470 833 3537 coelis
890 3471 1200 3538 babemus
1255 3470 1833 3549 conversationem,
1902 3475 1968 3540 in
2030 3474 2138 3541 illo
2208 3479 2438 3542 saeculo
2495 3478 2695 3544 vitam

659 3588 936 3666 agentes,
972 3589 1161 3664 atque
1195 3590 1637 3644 conversantes
1660 3581 2013 3647 secundum
2041 3594 2320 3649 mentem
2346 3594 2409 3648 et
2428 3581 2695 3648 interio-

657 3690 796 3747 rem
839 3680 1184 3748 bominem.
1239 3681 1802 3762 Quemadmodum
1833 3686 2004 3753 enim
2034 3690 2259 3755 oculus
2290 3688 2599 3763 attestor,
2641 3689 2692 3755 si

654 3794 855 3876 ‘purus
894 3784 1010 3863 sit,
1065 3789 1261 3854 solem
1295 3812 1454 3878 pure
1491 3798 1741 3881 semper
1782 3793 2047 3881 aspicit:
2083 3795 2172 3861 sic
2214 3784 2469 3885 quoquo
2518 3818 2695 3863 mens

654 3906 874 3968 exacte
905 3894 1160 3984 puritati
1192 3895 1478 3962 restituta
1497 3947 1514 3974 ,
1551 3920 1803 3989 semper
1831 3899 2116 3965 intuetur
2144 3900 2408 3989 gloriam
2439 3902 2696 3969 luminis

657 3995 924 4077 Christi,
971 4011 1193 4089 estque
1239 4020 1388 4068 cum
1439 4001 1716 4071 Domino
1755 4015 1954 4072 noctu
1993 4004 2284 4094 diuque‚·
2316 4006 2584 4097 perinde
2622 4029 2699 4075 ac
