2982 4885
1113 493 1375 564 lmffltu
1420 494 1583 565 xxiv}
2252 499 2376 597 179

335 617 734 726 prehendere
758 639 1043 723 possent,
1071 644 1200 702 tam
1233 638 1356 704 alte
1384 640 1826 726 consperserat
1841 621 2224 708 fermentum
2246 640 2379 711 ma·

339 738 690 809 litiosarum
726 740 1130 809 affectionum
1164 743 1392 808 veteris
1421 742 1575 809 Adae
1596 742 1985 833 progeniem.

428 849 538 914 111.
593 847 837 913 Eodem
877 851 1070 915 modo
1107 849 1347 935 placuit
1379 847 1657 914 Domino
1691 849 1761 914 in
1789 852 2068 918 adventu
2098 874 2214 919 suo
2249 849 2386 943 pati

341 974 461 1042 pro
484 954 802 1026 omnibus,
820 965 882 1019 et
908 954 1220 1019 redimere
1244 976 1352 1019 eos
1375 953 1634 1042 proprio
1660 955 1998 1042 sanguine,
2031 970 2096 1025 et
2119 956 2387 1025 fermen-
2492 1012 2500 1020 .

344 1071 480 1125 tum
513 1061 768 1126 coelcste
791 1057 1093 1124 bonitatis
1128 1058 1458 1147 infundere
1482 1056 1778 1131 fidelibus
1798 1050 2128 1127 animabus
2151 1060 2269 1128 sul>
2294 1062 2392 1151 ju·

343 1166 494 1251 gum
540 1163 788 1252 peccati
815 1163 1102 1229 'redactis
1133 1186 1149 1227 t
1187 1175 1251 1229 et
1281 1163 1365 1228 ita
1398 1165 1834 1252 promotione,
1882 1188 1954 1230 ac
1989 1165 2389 1233 incremento

343 1289 605 1332 omnem
638 1268 947 1355 justitiam
990 1269 1476 1344 mandatorum,
1520 1290 1871 1355 omnesque
1896 1270 2159 1337 virtutes
2191 1271 2257 1337 in
2296 1271 2390 1339 eis

348 1375 705 1461 complere,
742 1374 946 1438 donec
975 1373 1518 1440 fermentarentur
1542 1371 1607 1438 in
1630 1395 1833 1438 unum
1866 1374 1929 1461 in
1960 1376 2158 1460 bono,
2190 1390 2255 1442 et
2278 1375 2397 1443 fie-

349 1488 495 1540 rent
533 1503 558 1536 ι
586 1476 748 1539 Cum
777 1476 1053 1540 Domino
1087 1500 1252 1541 unus
1276 1472 1616 1564 Spirituss,
1639 1503 1666 1538 ι
1697 1474 1874 1562 juxta
1907 1478 2148 1544 dictum
2178 1481 2393 1557 Pa'ull,

355 1578 443 1645 ita
467 1590 539 1643 ut
567 1578 839 1651 malitia,
876 1600 949 1641 ac
983 1579 1262 1665 nequitia
1283 1627 1299 1652 ,
1334 1602 1416 1644 ne
1454 1580 1788 1666 pervenire
1816 1582 2073 1667 quidem
2098 1586 2294 1670 possit
2318 1588 2401 1655 ad

358 1681 806 1771 cogitationem
831 1682 1088 1756 animae,
1126 1680 1371 1770 Spiritu
1412 1682 1627 1748 divino
1662 1676 1850 1772 plane
1883 1708 1956 1750 ac
1989 1686 2239 1773 penitus
2269 1689 2401 1755 ser·

354 1798 683 1862 mentatae,
711 1798 781 1851 ut
807 1787 1047 1852 dictum
1072 1797 1166 1851 est
1193 1809 1210 1850 ε
1247 1814 1273 1846 ι
1299 1785 1588 1851 Charitas
1620 1808 1748 1851 non
1772 1788 2006 1875 cogitat
2027 1788 2269 1857 malum
2289 1791 2339 1868 ²,
2356 1819 2384 1855 ι

357 1908 422 1960 et
445 1916 586 1981 quae
608 1906 974 1982 sequuntur.
1009 1890 1265 1980 Absque
1297 1892 1612 1958 fermento
1637 1894 1786 1958 vero
1811 1895 2082 1970 coelesti,
2110 1899 2281 1983 quod
2304 1911 2403 1965 est

355 2001 557 2066 virtus
594 1999 789 2065 divini
834 1998 1138 2089 Spiritus,
1175 1998 1545 2064 fermentari
1577 1997 1860 2063 bonitate
1902 1996 2190 2076 Domini,
2218 1992 2287 2067 et
2319 2004 2402 2071 ad

351 2105 546 2169 vitam
594 2104 926 2193 pervenire
973 2103 1283 2180 animam,
1331 2125 1592 2193 prorsus
1625 2125 1752 2195 non
1795 2115 2019 2190 potest.
2071 2104 2249 2172 Sicut
2280 2112 2398 2174 nec

356 2213 553 2296 genus
575 2210 727 2274 Adae
755 2211 834 2273 ad
856 2220 1105 2273 tantam
1127 2208 1462 2283 malitiam,
1498 2228 1569 2271 ac
1601 2206 1949 2294 nequitiam
1987 2210 2273 2303 converti
2295 2216 2405 2301 po·

358 2326 522 2377 terat
544 2361 562 2387 ,
595 2314 713 2375 nisi
745 2312 998 2374 malitiae
1030 2312 1448 2385 fermentum,
1493 2313 1665 2395 quod
1690 2321 1786 2374 est
1818 2310 2149 2397 peccatum
2170 2362 2184 2387 ‚
2214 2327 2277 2377 et
2306 2316 2404 2380 sa-

361 2417 567 2481 cultas
620 2414 910 2502 quaedam
971 2412 1161 2476 animi
1213 2412 1460 2477 Satanae
1518 2412 1895 2477 intellectiva
1916 2463 1934 2488 ,
1989 2418 2137 2484 cum
2182 2418 2404 2486 subin..

362 2534 605 2588 trasset.
1465 2521 1480 2540 “

455 2627 557 2692 1V.
614 2623 1170 2703 Quemadmodum
1201 2620 1396 2695 enim,
1436 2620 1486 2684 si
1520 2619 1660 2707 quis
1684 2619 1949 2686 farinam
1974 2622 2257 2713 subigat,
2282 2649 2402 2697 nec

364 2733 746 2799 fermentum
783 2729 1056 2816 injiciat,
1086 2740 1477 2817 quantopere
1501 2727 1790 2792 videatur
1812 2729 2172 2807 elaborare,
2208 2732 2409 2800 inver-

366 2852 502 2906 tere
550 2861 622 2903 ac
671 2835 948 2930 operari,
999 2834 1294 2901 fermenti
1337 2856 1561 2921 expers
1596 2845 1693 2898 est
1733 2855 1972 2911 massa,
2010 2848 2073 2900 ct
2111 2840 2191 2902 ad
2222 2861 2403 2907 esum

364 2946 576 3011 miuus
600 2944 955 3010 commoda.
991 2941 1117 3006 ‘Ubi
1141 2961 1290 3005 vero
1315 2937 1643 3025 injiciatur
1658 2937 2041 3028 fermentum
2062 2991 2077 3016 ,
2109 2942 2301 3010 trahit
2324 2948 2406 3015 ad

365 3076 430 3117 se
472 3063 669 3118 totam
703 3048 920 3114 sarinae
958 3068 1264 3122 massam,
1308 3043 1644 3132 redditque
1685 3054 1879 3109 totam
1917 3044 2398 3129 fermentatam3

367 3158 536 3221 sicut
560 3167 626 3220 et
657 3152 965 3220 Dominus
990 3172 1254 3238 regnum
1289 3137 1680 3223 assimilavit,
1714 3148 1929 3215 dicens
1956 3173 1974 3216 ε
2011 3178 2036 3211 ι
2059 3150 2279 3220 Simile
2306 3159 2405 3224 est

368 3290 393 3324 ι
413 3284 680 3351 regnum
710 3262 1017 3326 coelorum
1041 3259 1388 3331 fermento,
1425 3256 1598 3342 quod
1636 3269 1972 3346 acceptum
2002 3260 2232 3340 mulier
2256 3253 2404 3358 abs-‘-

368 3368 630 3434 »condit
673 3366 739 3431 in
779 3364 993 3432 sariuae
1047 3364 1193 3429 satis
1238 3362 1473 3437 tribuS,
1524 3360 1727 3426 donec
1779 3360 2281 3427 fermentaretur
2310 3379 2401 3432 to-

369 3472 622 3539 ntum&
666 3500 691 3533 ι
740 3470 870 3537 Aut
918 3469 1142 3544 veluti,
1202 3468 1252 3532 si
1296 3464 1436 3551 quis
1481 3487 1702 3530 carnes
1745 3465 2015 3539 habeat,
2053 3488 2405 3560 earumque

372 3578 946 3644 conservandarum
974 3573 1339 3659 diligentem
1373 3589 1591 3631 curam
1625 3568 1955 3655 suscipiat,
1988 3590 2117 3634 non
2151 3576 2407 3644 condiat

378 3700 454 3742 au
463 3691 584 3744 tem
602 3684 751 3755 sale,
769 3681 949 3769 quivi
968 3699 1211 3744 vermes
1231 3672 1663 3744 interimendi,
1684 3683 1746 3736 et
1757 3674 2244 3760 graveolentiam
2259 3677 2407 3746 abo·

254 3861 260 3867 ,
376 3784 547 3851 leudi
575 3786 778 3858 valet,
816 3786 936 3848 illae
982 3805 1200 3848 carnes
1232 3778 1505 3870 graviter
1546 3777 1750 3854 olent,
1788 3799 1862 3845 ac
1893 3777 2273 3868 putrefiunt,
2311 3797 2406 3866 at-

447 3947 461 3972 ι
517 3950 534 3983 ι
581 3933 698 3983 Cor.
742 3947 827 3992 n,
879 3948 950 3997 ¹7·
995 3959 1057 3972 --
1098 3948 1118 3972 ⁸
1165 3931 1243 3989 td.
1288 3949 1420 4017 xiii,
1460 3946 1506 3997 7.
1542 3956 1603 3969 —
1649 3931 1671 3967 ³
1716 3928 2068 4020 matth-3111,
2098 3897 2182 3997 33,
2217 3937 2410 3996 ottae,

376 4034 503 4076 ιιιι.
548 4034 626 4069 21.

600 4120 816 4169 xnvm.
1169 4106 1210 4138 '⁴
2070 4116 2142 4159 u
