2982 4885
651 522 782 610 13⁴
1032 613 1044 632 ·
1316 544 1366 588 s.
1420 540 1688 594 menn
1729 540 2002 592 notun

662 696 692 734 ι
718 667 1035 736 Habentes
1086 664 1458 732 thesaurum
1513 663 1704 729 istum
1756 662 1824 728 in
1878 660 2037 728 vasis
2087 657 2390 732 fictilibus
2415 660 2472 748 ¹,
2515 663 2688 746 »hoe

646 785 780 848 est,
813 793 1040 859 quem,
1075 770 1186 857 qui
1225 769 1293 835 in
1336 791 1530 835 carne
1568 768 1780 834 adhuc
1809 779 1998 844 sunt.
2029 767 2334 856 consequi
2363 768 2539 858 digni
2567 770 2685 839 hs·

645 879 760 950 biti
802 867 995 955 sunt',
1038 878 1335 944 virtutem
1378 876 1624 948 scilicet
1668 874 1940 964 Spiritus
1983 872 2554 948 sanctificatricem.
2605 873 2688 954 Et

508 1011 525 1026 ·
646 1008 865 1056 rursus
903 1008 919 1050 ε
956 1013 979 1044 ι
1013 984 1144 1065 Qui
1183 982 1387 1049 factus
1425 981 1610 1048 nobis
1654 993 1752 1048 est
1790 1004 1823 1046 a
1860 980 1996 1047 Deo
2034 979 2374 1068 sapientis.
2404 980 2684 1070 iustitis,

645 1119 672 1156 s
691 1090 1109 1160 sanctificatio
1140 1103 1207 1158 et
1236 1090 1594 1179 redemptio
1617 1088 1663 1156 ².
1703 1117 1730 1152 s

732 1202 809 1267 11.
864 1200 1270 1289 Quicumque
1316 1197 1509 1287 igitur
1545 1196 1783 1285 reperit
1824 1217 1897 1263 ac
1941 1195 2223 1286 penidet
2271 1198 2440 1288 apud
2466 1217 2535 1268 ω
2561 1218 2688 1272 ct!-

643 1308 869 1374 lestem
921 1305 1096 1371 bunc
1145 1304 1513 1370 thesaurum
1562 1302 1832 1393 Spiritus
1858 1352 1876 1378 ‚
1923 1301 2030 1369 ille
2068 1325 2327 1370 omnem
2377 1304 2686 1391 justitiam

634 1426 1115 1503 ‘praeceptorum
1143 1462 1161 1489 ‚
1204 1434 1279 1480 ac
1312 1434 1569 1480 omnem
1603 1409 2038 1500 operationem
2074 1410 2410 1489 virtutum,
2450 1411 2688 1499 absque

644 1521 817 1587 omni
859 1519 1351 1610 reprehensione
1395 1532 1461 1585 et
1501 1520 1789 1594 macula,
1826 1518 1966 1607 ejus
1995 1541 2118 1608 ope
2145 1520 2413 1609 peragit,
2441 1530 2505 1585 et
2534 1518 2690 1606 qui-

648 1628 797 1692 dem
840 1629 1014 1693 nullo
1056 1626 1352 1713 negotio,
1403 1648 1523 1692 nec
1576 1627 1701 1691 ulla
1745 1624 1823 1690 vi.
1876 1624 2302 1691 obsecremus
2346 1624 2538 1713 igitur
2573 1645 2687 1687 nos

611 1754 896 1818 ·quoque
935 1732 1173 1802 Deum,
1214 1732 1608 1814 postulemus
1651 1750 1724 1791 ac
1766 1730 2185 1812 deprecemur
2219 1750 2405 1798 eum.
2436 1741 2512 1793 ut
2544 1727 2694 1794 the-

644 1855 899 1908 saurum
928 1831 1199 1918 Spiritus
1222 1832 1321 1894 sui
1354 1832 1539 1894 nobis
1570 1829 1893 1916 largiatur,
1933 1839 2000 1892 ut
2032 1828 2154 1894 hoc
2184 1831 2378 1892 modo
2406 1831 2472 1894 in
2504 1855 2697 1898 man-

644 1936 804 2003 datis
835 1934 987 2022 ejus
1014 1931 1309 1997 omnibus
1343 1933 1475 1997 sine
1509 1930 2001 2019 reprehensione
2029 1943 2095 1996 et
2126 1931 2377 1996 macula
2412 1935 2695 2010 versari,

641 2053 708 2107 et
741 2058 995 2104 omnem
1035 2035 1346 2124 justitiam
1390 2036 1663 2125 Spiritus
1703 2058 1865 2124 pure
1910 2059 1983 2102 ac
2013 2035 2293 2126 perfecte
2319 2036 2691 2124 complere,

618 2142 912 2211 -coelestis
948 2141 1266 2217 thesauri,
1316 2142 1423 2230 qui
1464 2153 1562 2207 est
1613 2140 1901 2208 Christus
1925 2191 1944 2218 ,
1988 2140 2300 2208 beneficio
2343 2142 2682 2231 possimus.

632 2247 881 2338 Pauper
909 2247 1081 2313 enim
1111 2268 1185 2312 ac
1216 2247 1576 2319 mendicus.
1603 2258 1668 2313 et
1698 2247 1806 2335 qui
1839 2235 2006 2312 same
2033 2246 2310 2322 laborat,
2345 2247 2411 2311 in
2445 2251 2688 2314 mundo

636 2353 797 2422 nihil
838 2365 1057 2444 potest-
1096 2361 1506 2442 comparare,
1558 2364 1934 2444 paupertate
1975 2369 2125 2419 eum
2167 2364 2517 2441 premente.
2559 2352 2685 2432 Qui

636 2452 789 2528 vero
818 2460 1189 2528 thesaurum
1217 2460 1534 2548 possidet,
1567 2471 1643 2527 ut
1674 2457 2049 2545 pradictum
2081 2468 2213 2533 est,
2247 2456 2483 2545 absque
2513 2457 2688 2526 omui

640 2568 895 2656 negotio
933 2579 999 2633 et
1038 2566 1365 2638 molestia,
1402 2585 1842 2650 quascumque
1873 2562 2186 2650 exoptat-it
2221 2562 2686 2650 possessiones.

643 2670 1109 2755 consequitur:
1145 2668 1235 2733 sie
1265 2688 1520 2753 quoque
1550 2665 1760 2731 anima
1796 2667 1966 2731 nuda
1991 2714 2009 2742 ‚
2051 2667 2457 2753 aesocietate
2486 2666 2686 2757 Spiri-

522 2839 531 2852 ,
637 2788 740 2841 tus
770 2775 1105 2846 destituta,
1140 2784 1206 2837 et
1245 2772 1325 2836 ad
1362 2772 1590 2835 duram
1628 2782 2072 2859 paupertatem
2104 2773 2353 2861 peccati
2385 2774 2640 2843 redacta
2661 2822 2684 2851 ‚

642 2882 892 2947 nullum
936 2887 1145 2967 potest
1178 2924 1194 2950 .
1259 2886 1654 2964 quantopere
1714 2876 1985 2943 voluerit
2020 2924 2038 2952 ‚
2108 2877 2380 2966 Spiritus
2432 2878 2689 2967 justiti·

633 2983 915 3050 fructum
962 3001 1182 3047 revers
1217 2982 1613 3070 producere,
1659 2993 2001 3070 antequem
2047 2981 2321 3072 Spiritus
2369 2985 2686 3074 particeps

644 3089 811 3155 ficta
838 3088 941 3154 sit.
1317 3138 1324 3147 .

736 3195 844 3261 111.
898 3193 1356 3262 Verumtamen
1403 3193 1463 3259 vi
1505 3195 1780 3280 quadam
1826 3218 1895 3261 se
1945 3218 2267 3284 quemque
2304 3196 2690 3285 compenor·

643 3311 918 3388 oportet,
948 3301 1030 3366 sd
1052 3299 1407 3387 rogandum
1423 3296 1660 3373 Deum,
1686 3312 1760 3365 ut
1776 3299 2003 3388 dignus
2023 3300 2372 3388 judicetur,
2397 3301 2509 3391 qui
2530 3322 2690 3367 con·

644 3417 946 3491 sequatur
974 3417 1041 3471 et
1068 3403 1351 3471 inveniat
1379 3404 1705 3469 coelestem
1729 3405 2103 3475 thesaurum
2134 3405 2433 3500 Spiritus.
2451 3428 2524 3473 sc
2550 3428 2690 3495 pos-

647 3506 728 3575 sit
764 3509 1003 3596 absque
1036 3509 1214 3575 omni
1249 3510 1539 3577 molestia
1577 3522 1642 3579 et
1672 3513 1890 3579 labore
1921 3513 2233 3603 perficere
2267 3514 2481 3583 omnia
2519 3534 2690 3601 prn-

644 3627 828 3702 cepta
856 3613 1111 3681 Domini
1151 3637 1309 3703 pure
1339 3637 1412 3682 ac
1448 3616 1587 3683 sine
1620 3620 2146 3708 reprehensione,
2177 3644 2326 3710 qum
2352 3619 2566 3709 prius,
2609 3640 2692 3695 ne

636 3719 698 3784 vi
732 3718 991 3806 quidem
1029 3720 1347 3797 adhibita.
1387 3744 1519 3789 non
1557 3718 1810 3810 poterat
1850 3738 2028 3794 recte
2055 3725 2390 3816 perficere.
2441 3726 2689 3813 Pauper

638 3823 812 3889 enim
844 3844 997 3888 cum
1018 3837 1184 3891 esset
1214 3838 1279 3893 et
1309 3830 1523 3894 nudus
1543 3876 1559 3903 ,
1597 3846 1669 3897 ac
1691 3829 1996 3898 societate
2018 3831 2291 3922 Spiritus
2314 3830 2685 3904 destitutus.

640 3948 765 4015 qus
793 3927 1040 3999 ratione
1081 3931 1249 3997 bona
1281 3931 1416 3998 haee
1446 3932 1799 4022 spiritualis
1829 3938 2135 4031 consequi
2161 3937 2376 4035 potuit
2398 3986 2418 4019 ,
2452 3936 2692 4025 absquo

714 4090 733 4121 ⁸
760 4099 789 4134 s
812 4081 934 4136 Cor.
956 4099 1029 4148 nv,
1063 4084 1111 4136 6.
1139 4114 1201 4125 —
1227 4101 1247 4127 ι
1278 4084 1433 4137 iCor.
1458 4103 1496 4146 ι,
1523 4086 1606 4136 so.
