<?xml version="1.0" encoding="UTF-8"?>
<!DOCTYPE html PUBLIC "-//W3C//DTD XHTML 1.0 Transitional//EN"
    "http://www.w3.org/TR/xhtml1/DTD/xhtml1-transitional.dtd">
<html xmlns="http://www.w3.org/1999/xhtml" xml:lang="en" lang="en">
 <head>
  <title>
</title>
<meta http-equiv="Content-Type" content="text/html;charset=utf-8" />
  <meta name='ocr-system' content='tesseract 3.04.00' />
  <meta name='ocr-capabilities' content='ocr_page ocr_carea ocr_par ocr_line ocrx_word'/>
</head>
<body>
  <div class='ocr_page' id='page_1' title='image "./sanctorummacari00egypgoog_0242.png"; bbox 0 0 2982 4885; ppageno 0'>
   <div class='ocr_carea' id='block_1_1' title="bbox 583 547 1940 601">
    <p class='ocr_par' dir='ltr' id='par_1_1' title="bbox 583 547 1940 601">
     <span class='ocr_line' id='line_1_1' title="bbox 583 547 1940 601; baseline -0.003 0"><span class='ocrx_word' id='word_1_1' title='bbox 583 555 710 601; x_wconf 68' lang='lat'>212</span> <span class='ocrx_word' id='word_1_2' title='bbox 1251 554 1308 597; x_wconf 68' lang='lat'>⁸.</span> <span class='ocrx_word' id='word_1_3' title='bbox 1364 548 1629 599; x_wconf 61' lang='lat' dir='ltr'>melan</span> <span class='ocrx_word' id='word_1_4' title='bbox 1673 547 1940 598; x_wconf 67' lang='lat' dir='ltr'>AEGYPTU</span> 
     </span>
    </p>
   </div>
   <div class='ocr_carea' id='block_1_2' title="bbox 565 663 2634 2434">
    <p class='ocr_par' dir='ltr' id='par_1_2' title="bbox 576 663 2613 865">
     <span class='ocr_line' id='line_1_2' title="bbox 576 663 2613 757; baseline -0.001 -19"><span class='ocrx_word' id='word_1_5' title='bbox 576 671 772 748; x_wconf 87' lang='lat' dir='ltr'>Vide,</span> <span class='ocrx_word' id='word_1_6' title='bbox 820 669 994 736; x_wconf 79' lang='lat' dir='ltr'>dives</span> <span class='ocrx_word' id='word_1_7' title='bbox 1032 668 1140 757; x_wconf 85' lang='lat' dir='ltr'>qui</span> <span class='ocrx_word' id='word_1_8' title='bbox 1187 663 1559 734; x_wconf 76' lang='lat' dir='ltr'>vendiderat</span> <span class='ocrx_word' id='word_1_9' title='bbox 1595 669 1765 734; x_wconf 82' lang='lat' dir='ltr'>bona</span> <span class='ocrx_word' id='word_1_10' title='bbox 1810 691 1959 743; x_wconf 86' lang='lat' dir='ltr'>sna,</span> <span class='ocrx_word' id='word_1_11' title='bbox 2009 678 2074 732; x_wconf 92' lang='lat' dir='ltr'>ct</span> <span class='ocrx_word' id='word_1_12' title='bbox 2112 668 2223 756; x_wconf 82' lang='lat' dir='ltr'>qui</span> <span class='ocrx_word' id='word_1_13' title='bbox 2268 667 2613 736; x_wconf 80' lang='lat' dir='ltr'>tradiderat</span> 
     </span>
     <span class='ocr_line' id='line_1_3' title="bbox 580 772 2348 865; baseline -0.002 -24"><span class='ocrx_word' id='word_1_14' title='bbox 580 799 812 865; x_wconf 83' lang='lat' dir='ltr'>corpus</span> <span class='ocrx_word' id='word_1_15' title='bbox 842 797 1028 841; x_wconf 85' lang='lat' dir='ltr'>suum</span> <span class='ocrx_word' id='word_1_16' title='bbox 1060 777 1140 840; x_wconf 81' lang='lat' dir='ltr'>ad</span> <span class='ocrx_word' id='word_1_17' title='bbox 1172 775 1548 862; x_wconf 83' lang='lat' dir='ltr'>martyrium</span> <span class='ocrx_word' id='word_1_18' title='bbox 1571 823 1588 850; x_wconf 86' lang='lat'>,</span> <span class='ocrx_word' id='word_1_19' title='bbox 1620 796 1747 862; x_wconf 86' lang='lat' dir='ltr'>quo</span> <span class='ocrx_word' id='word_1_20' title='bbox 1772 787 1961 862; x_wconf 79' lang='lat' dir='ltr'>pacto</span> <span class='ocrx_word' id='word_1_21' title='bbox 1993 772 2348 838; x_wconf 74' lang='lat' dir='ltr'>ceciderit?</span> 
     </span>
    </p>

    <p class='ocr_par' dir='ltr' id='par_1_3' title="bbox 565 879 2634 2434">
     <span class='ocr_line' id='line_1_4' title="bbox 663 879 2616 969; baseline -0.001 -19"><span class='ocrx_word' id='word_1_22' title='bbox 663 882 835 950; x_wconf 85' lang='lat' dir='ltr'><strong>XVI.</strong></span> <span class='ocrx_word' id='word_1_23' title='bbox 889 882 1070 948; x_wconf 79' lang='lat' dir='ltr'>Alius</span> <span class='ocrx_word' id='word_1_24' title='bbox 1111 880 1370 969; x_wconf 86' lang='lat' dir='ltr'>quidam</span> <span class='ocrx_word' id='word_1_25' title='bbox 1409 880 1644 946; x_wconf 81' lang='lat' dir='ltr'>athleta</span> <span class='ocrx_word' id='word_1_26' title='bbox 1683 902 1872 969; x_wconf 82' lang='lat' dir='ltr'>sagax</span> <span class='ocrx_word' id='word_1_27' title='bbox 1900 927 1919 955; x_wconf 87' lang='lat'><em>,</em></span> <span class='ocrx_word' id='word_1_28' title='bbox 1967 879 2077 967; x_wconf 89' lang='lat' dir='ltr'>qui</span> <span class='ocrx_word' id='word_1_29' title='bbox 2115 880 2616 948; x_wconf 71' lang='lat' dir='ltr'><strong>conservabatur</strong></span> 
     </span>
     <span class='ocr_line' id='line_1_5' title="bbox 578 982 2614 1075; baseline -0.001 -23"><span class='ocrx_word' id='word_1_30' title='bbox 578 1007 835 1052; x_wconf 90' lang='lat' dir='ltr'>mecum</span> <span class='ocrx_word' id='word_1_31' title='bbox 859 983 925 1050; x_wconf 93' lang='lat' dir='ltr'>in</span> <span class='ocrx_word' id='word_1_32' title='bbox 958 988 1152 1051; x_wconf 90' lang='lat' dir='ltr'>domo</span> <span class='ocrx_word' id='word_1_33' title='bbox 1178 1033 1197 1061; x_wconf 87' lang='lat'><strong>,</strong></span> <span class='ocrx_word' id='word_1_34' title='bbox 1231 1006 1616 1073; x_wconf 80' lang='lat' dir='ltr'>mecumque</span> <span class='ocrx_word' id='word_1_35' title='bbox 1649 1006 1875 1075; x_wconf 81' lang='lat' dir='ltr'>preces</span> <span class='ocrx_word' id='word_1_36' title='bbox 1903 982 2214 1060; x_wconf 80' lang='lat' dir='ltr'>faciebat,</span> <span class='ocrx_word' id='word_1_37' title='bbox 2244 987 2401 1051; x_wconf 86' lang='lat' dir='ltr'>adeo</span> <span class='ocrx_word' id='word_1_38' title='bbox 2430 986 2614 1051; x_wconf 73' lang='lat' dir='ltr'>locu-</span> 
     </span>
     <span class='ocr_line' id='line_1_6' title="bbox 565 1089 2612 1181; baseline 0 -26"><span class='ocrx_word' id='word_1_39' title='bbox 565 1092 710 1180; x_wconf 39' lang='lat' dir='ltr'>„ples</span> <span class='ocrx_word' id='word_1_40' title='bbox 741 1099 880 1156; x_wconf 89' lang='lat' dir='ltr'>erat</span> <span class='ocrx_word' id='word_1_41' title='bbox 900 1089 1098 1179; x_wconf 82' lang='lat' dir='ltr'>gratia</span> <span class='ocrx_word' id='word_1_42' title='bbox 1119 1139 1138 1167; x_wconf 87' lang='lat'><em>,</em></span> <span class='ocrx_word' id='word_1_43' title='bbox 1170 1101 1242 1155; x_wconf 87' lang='lat' dir='ltr'>nt</span> <span class='ocrx_word' id='word_1_44' title='bbox 1277 1089 1446 1158; x_wconf 84' lang='lat' dir='ltr'>inter</span> <span class='ocrx_word' id='word_1_45' title='bbox 1471 1092 1786 1158; x_wconf 81' lang='lat' dir='ltr'>orandum</span> <span class='ocrx_word' id='word_1_46' title='bbox 1814 1089 1991 1179; x_wconf 83' lang='lat' dir='ltr'>juxta</span> <span class='ocrx_word' id='word_1_47' title='bbox 2020 1111 2127 1156; x_wconf 89' lang='lat' dir='ltr'>me</span> <span class='ocrx_word' id='word_1_48' title='bbox 2147 1112 2612 1181; x_wconf 88' lang='lat' dir='ltr'>compungere-</span> 
     </span>
     <span class='ocr_line' id='line_1_7' title="bbox 576 1194 2617 1287; baseline -0.001 -22"><span class='ocrx_word' id='word_1_49' title='bbox 576 1206 699 1265; x_wconf 77' lang='lat' dir='ltr'>tur.</span> <span class='ocrx_word' id='word_1_50' title='bbox 747 1195 1059 1263; x_wconf 81' lang='lat' dir='ltr'>Fervebat</span> <span class='ocrx_word' id='word_1_51' title='bbox 1105 1195 1278 1262; x_wconf 91' lang='lat' dir='ltr'>enim</span> <span class='ocrx_word' id='word_1_52' title='bbox 1320 1194 1387 1261; x_wconf 89' lang='lat' dir='ltr'>in</span> <span class='ocrx_word' id='word_1_53' title='bbox 1425 1195 1535 1264; x_wconf 92' lang='lat' dir='ltr'>illo</span> <span class='ocrx_word' id='word_1_54' title='bbox 1580 1195 1798 1285; x_wconf 84' lang='lat' dir='ltr'>gratia.</span> <span class='ocrx_word' id='word_1_55' title='bbox 1854 1195 2177 1262; x_wconf 76' lang='lat' dir='ltr'>Donatum</span> <span class='ocrx_word' id='word_1_56' title='bbox 2206 1219 2461 1285; x_wconf 86' lang='lat' dir='ltr'>quoqne</span> <span class='ocrx_word' id='word_1_57' title='bbox 2497 1195 2617 1287; x_wconf 83' lang='lat' dir='ltr'>ipsi</span> 
     </span>
     <span class='ocr_line' id='line_1_8' title="bbox 578 1299 2613 1390; baseline 0 -25"><span class='ocrx_word' id='word_1_58' title='bbox 578 1313 715 1365; x_wconf 89' lang='lat' dir='ltr'>erat</span> <span class='ocrx_word' id='word_1_59' title='bbox 748 1299 988 1366; x_wconf 77' lang='lat' dir='ltr'>donum</span> <span class='ocrx_word' id='word_1_60' title='bbox 1018 1299 1418 1366; x_wconf 73' lang='lat' dir='ltr'><strong>sanationum</strong></span> <span class='ocrx_word' id='word_1_61' title='bbox 1440 1349 1459 1377; x_wconf 87' lang='lat'><em>,</em></span> <span class='ocrx_word' id='word_1_62' title='bbox 1502 1322 1627 1367; x_wconf 87' lang='lat' dir='ltr'>nec</span> <span class='ocrx_word' id='word_1_63' title='bbox 1657 1301 1861 1369; x_wconf 76' lang='lat' dir='ltr'>solum</span> <span class='ocrx_word' id='word_1_64' title='bbox 1887 1300 2208 1369; x_wconf 79' lang='lat' dir='ltr'>daemones</span> <span class='ocrx_word' id='word_1_65' title='bbox 2229 1300 2613 1390; x_wconf 80' lang='lat' dir='ltr'>expellebat,</span> 
     </span>
     <span class='ocr_line' id='line_1_9' title="bbox 579 1404 2619 1496; baseline -0.001 -23"><span class='ocrx_word' id='word_1_66' title='bbox 579 1406 994 1473; x_wconf 71' lang='lat' dir='ltr'>verumetiam</span> <span class='ocrx_word' id='word_1_67' title='bbox 1051 1405 1299 1473; x_wconf 82' lang='lat' dir='ltr'>vinctos</span> <span class='ocrx_word' id='word_1_68' title='bbox 1343 1405 1639 1472; x_wconf 82' lang='lat' dir='ltr'>manibus</span> <span class='ocrx_word' id='word_1_69' title='bbox 1699 1429 1773 1473; x_wconf 88' lang='lat' dir='ltr'>ac</span> <span class='ocrx_word' id='word_1_70' title='bbox 1820 1404 2092 1496; x_wconf 85' lang='lat' dir='ltr'>pedibus</span> <span class='ocrx_word' id='word_1_71' title='bbox 2120 1455 2139 1483; x_wconf 87' lang='lat'><strong>,</strong></span> <span class='ocrx_word' id='word_1_72' title='bbox 2199 1428 2272 1471; x_wconf 95' lang='lat' dir='ltr'>ac</span> <span class='ocrx_word' id='word_1_73' title='bbox 2323 1405 2619 1495; x_wconf 82' lang='lat' dir='ltr'>gravibus</span> 
     </span>
     <span class='ocr_line' id='line_1_10' title="bbox 578 1509 2612 1603; baseline 0 -25"><span class='ocrx_word' id='word_1_74' title='bbox 578 1513 819 1579; x_wconf 81' lang='lat' dir='ltr'>morbis</span> <span class='ocrx_word' id='word_1_75' title='bbox 858 1513 1219 1580; x_wconf 84' lang='lat' dir='ltr'>laborantes</span> <span class='ocrx_word' id='word_1_76' title='bbox 1248 1562 1267 1590; x_wconf 87' lang='lat'><em>,</em></span> <span class='ocrx_word' id='word_1_77' title='bbox 1311 1534 1426 1603; x_wconf 89' lang='lat' dir='ltr'>per</span> <span class='ocrx_word' id='word_1_78' title='bbox 1456 1510 1931 1603; x_wconf 71' lang='lat' dir='ltr'>impositionem</span> <span class='ocrx_word' id='word_1_79' title='bbox 1974 1534 2282 1578; x_wconf 85' lang='lat' dir='ltr'>mannum</span> <span class='ocrx_word' id='word_1_80' title='bbox 2328 1509 2612 1578; x_wconf 85' lang='lat' dir='ltr'>curabat.</span> 
     </span>
     <span class='ocr_line' id='line_1_11' title="bbox 580 1616 2624 1707; baseline -0.002 -22"><span class='ocrx_word' id='word_1_81' title='bbox 580 1617 803 1685; x_wconf 80' lang='lat' dir='ltr'>Postea</span> <span class='ocrx_word' id='word_1_82' title='bbox 828 1639 979 1684; x_wconf 87' lang='lat' dir='ltr'>cum</span> <span class='ocrx_word' id='word_1_83' title='bbox 1009 1616 1393 1707; x_wconf 77' lang='lat' dir='ltr'>negligentia</span> <span class='ocrx_word' id='word_1_84' title='bbox 1421 1618 1781 1695; x_wconf 83' lang='lat' dir='ltr'>difflueret,</span> <span class='ocrx_word' id='word_1_85' title='bbox 1817 1629 2007 1705; x_wconf 84' lang='lat' dir='ltr'>atque</span> <span class='ocrx_word' id='word_1_86' title='bbox 2037 1617 2304 1706; x_wconf 77' lang='lat' dir='ltr'>gloriam</span> <span class='ocrx_word' id='word_1_87' title='bbox 2332 1627 2556 1684; x_wconf 79' lang='lat' dir='ltr'>nactus</span> <span class='ocrx_word' id='word_1_88' title='bbox 2587 1636 2624 1680; x_wconf 83' lang='lat' dir='ltr'>a</span> 
     </span>
     <span class='ocr_line' id='line_1_12' title="bbox 580 1720 2629 1809; baseline -0 -22"><span class='ocrx_word' id='word_1_89' title='bbox 580 1720 858 1796; x_wconf 87' lang='lat' dir='ltr'>mundo,</span> <span class='ocrx_word' id='word_1_90' title='bbox 898 1720 996 1787; x_wconf 86' lang='lat' dir='ltr'>sui</span> <span class='ocrx_word' id='word_1_91' title='bbox 1040 1720 1236 1806; x_wconf 82' lang='lat' dir='ltr'>ipsius</span> <span class='ocrx_word' id='word_1_92' title='bbox 1267 1720 1691 1786; x_wconf 80' lang='lat' dir='ltr'>delectatione</span> <span class='ocrx_word' id='word_1_93' title='bbox 1724 1732 2083 1794; x_wconf 87' lang='lat' dir='ltr'>teneretur,</span> <span class='ocrx_word' id='word_1_94' title='bbox 2120 1721 2417 1809; x_wconf 81' lang='lat' dir='ltr'>superbia</span> <span class='ocrx_word' id='word_1_95' title='bbox 2452 1720 2629 1786; x_wconf 86' lang='lat' dir='ltr'>intu-</span> 
     </span>
     <span class='ocr_line' id='line_1_13' title="bbox 577 1820 2620 1911; baseline 0 -22"><span class='ocrx_word' id='word_1_96' title='bbox 577 1823 774 1896; x_wconf 88' lang='lat' dir='ltr'>muit,</span> <span class='ocrx_word' id='word_1_97' title='bbox 820 1820 1338 1909; x_wconf 82' lang='lat' dir='ltr'>atque&#39;delapsus</span> <span class='ocrx_word' id='word_1_98' title='bbox 1376 1831 1474 1884; x_wconf 85' lang='lat' dir='ltr'>est</span> <span class='ocrx_word' id='word_1_99' title='bbox 1524 1820 1587 1887; x_wconf 92' lang='lat' dir='ltr'>in</span> <span class='ocrx_word' id='word_1_100' title='bbox 1634 1821 1767 1910; x_wconf 83' lang='lat' dir='ltr'>ipsa</span> <span class='ocrx_word' id='word_1_101' title='bbox 1815 1820 2305 1909; x_wconf 81' lang='lat' dir='ltr'>profundissima</span> <span class='ocrx_word' id='word_1_102' title='bbox 2346 1824 2620 1911; x_wconf 86' lang='lat' dir='ltr'>peccati.</span> 
     </span>
     <span class='ocr_line' id='line_1_14' title="bbox 584 1921 2627 2011; baseline -0 -18"><span class='ocrx_word' id='word_1_103' title='bbox 584 1925 741 1993; x_wconf 87' lang='lat' dir='ltr'>Vide</span> <span class='ocrx_word' id='word_1_104' title='bbox 761 1972 778 1997; x_wconf 86' lang='lat'>‚</span> <span class='ocrx_word' id='word_1_105' title='bbox 828 1924 999 2011; x_wconf 87' lang='lat' dir='ltr'>quod</span> <span class='ocrx_word' id='word_1_106' title='bbox 1038 1921 1230 1988; x_wconf 86' lang='lat' dir='ltr'>etiam</span> <span class='ocrx_word' id='word_1_107' title='bbox 1257 1922 1363 1990; x_wconf 90' lang='lat' dir='ltr'>ille</span> <span class='ocrx_word' id='word_1_108' title='bbox 1387 1971 1405 1997; x_wconf 89' lang='lat'><strong>,</strong></span> <span class='ocrx_word' id='word_1_109' title='bbox 1447 1923 1559 2011; x_wconf 87' lang='lat' dir='ltr'>qui</span> <span class='ocrx_word' id='word_1_110' title='bbox 1591 1924 1832 1989; x_wconf 88' lang='lat' dir='ltr'>donum</span> <span class='ocrx_word' id='word_1_111' title='bbox 1863 1922 2264 1991; x_wconf 80' lang='lat' dir='ltr'>sanationum</span> <span class='ocrx_word' id='word_1_112' title='bbox 2304 1924 2584 1992; x_wconf 84' lang='lat' dir='ltr'>habebat</span> <span class='ocrx_word' id='word_1_113' title='bbox 2603 1977 2627 2004; x_wconf 81' lang='grc'><em>,</em></span> 
     </span>
     <span class='ocr_line' id='line_1_15' title="bbox 584 2026 2634 2118; baseline 0 -23"><span class='ocrx_word' id='word_1_114' title='bbox 584 2027 925 2095; x_wconf 75' lang='lat' dir='ltr'>ceciderit?</span> <span class='ocrx_word' id='word_1_115' title='bbox 960 2026 1145 2095; x_wconf 85' lang='lat' dir='ltr'>Vides</span> <span class='ocrx_word' id='word_1_116' title='bbox 1170 2076 1189 2104; x_wconf 87' lang='lat'><em>,</em></span> <span class='ocrx_word' id='word_1_117' title='bbox 1213 2027 1539 2117; x_wconf 82' lang='lat' dir='ltr'>quomodo</span> <span class='ocrx_word' id='word_1_118' title='bbox 1573 2040 1911 2118; x_wconf 85' lang='lat' dir='ltr'>antequam</span> <span class='ocrx_word' id='word_1_119' title='bbox 1945 2027 2319 2118; x_wconf 81' lang='lat' dir='ltr'>perveniant</span> <span class='ocrx_word' id='word_1_120' title='bbox 2340 2033 2421 2096; x_wconf 86' lang='lat' dir='ltr'>ad</span> <span class='ocrx_word' id='word_1_121' title='bbox 2441 2052 2634 2096; x_wconf 89' lang='lat' dir='ltr'>men-</span> 
     </span>
     <span class='ocr_line' id='line_1_16' title="bbox 588 2124 2634 2215; baseline 0.002 -17"><span class='ocrx_word' id='word_1_122' title='bbox 588 2154 797 2199; x_wconf 77' lang='lat' dir='ltr'>suram</span> <span class='ocrx_word' id='word_1_123' title='bbox 831 2124 1191 2210; x_wconf 75' lang='lat' dir='ltr'>charitatis,</span> <span class='ocrx_word' id='word_1_124' title='bbox 1223 2131 1543 2202; x_wconf 84' lang='lat' dir='ltr'>labantur.</span> <span class='ocrx_word' id='word_1_125' title='bbox 1591 2131 1720 2215; x_wconf 88' lang='lat' dir='ltr'>Qui</span> <span class='ocrx_word' id='word_1_126' title='bbox 1754 2133 1927 2201; x_wconf 89' lang='lat' dir='ltr'>enim</span> <span class='ocrx_word' id='word_1_127' title='bbox 1959 2131 2340 2201; x_wconf 83' lang='lat' dir='ltr'>charitatem</span> <span class='ocrx_word' id='word_1_128' title='bbox 2384 2155 2634 2202; x_wconf 81' lang='lat' dir='ltr'>assecu-</span> 
     </span>
     <span class='ocr_line' id='line_1_17' title="bbox 588 2236 2630 2329; baseline 0.001 -24"><span class='ocrx_word' id='word_1_129' title='bbox 588 2250 691 2305; x_wconf 86' lang='lat' dir='ltr'>tus</span> <span class='ocrx_word' id='word_1_130' title='bbox 722 2237 998 2304; x_wconf 80' lang='lat' dir='ltr'>vincitur</span> <span class='ocrx_word' id='word_1_131' title='bbox 1031 2251 1099 2305; x_wconf 88' lang='lat' dir='ltr'>et</span> <span class='ocrx_word' id='word_1_132' title='bbox 1131 2236 1511 2314; x_wconf 84' lang='lat' dir='ltr'>inebriatur,</span> <span class='ocrx_word' id='word_1_133' title='bbox 1538 2237 1645 2305; x_wconf 84' lang='lat' dir='ltr'>hic</span> <span class='ocrx_word' id='word_1_134' title='bbox 1668 2238 2059 2329; x_wconf 83' lang='lat' dir='ltr'>demergitur</span> <span class='ocrx_word' id='word_1_135' title='bbox 2081 2249 2148 2304; x_wconf 88' lang='lat' dir='ltr'>et</span> <span class='ocrx_word' id='word_1_136' title='bbox 2177 2237 2535 2328; x_wconf 84' lang='lat' dir='ltr'>captivatur</span> <span class='ocrx_word' id='word_1_137' title='bbox 2562 2239 2630 2308; x_wconf 91' lang='lat' dir='ltr'>in</span> 
     </span>
     <span class='ocr_line' id='line_1_18' title="bbox 594 2336 2491 2434; baseline 0.001 -24"><span class='ocrx_word' id='word_1_138' title='bbox 594 2342 785 2411; x_wconf 85' lang='lat' dir='ltr'>alium</span> <span class='ocrx_word' id='word_1_139' title='bbox 816 2341 1128 2413; x_wconf 83' lang='lat' dir='ltr'>mnndum</span> <span class='ocrx_word' id='word_1_140' title='bbox 1149 2393 1168 2423; x_wconf 85' lang='lat'><strong>,</strong></span> <span class='ocrx_word' id='word_1_141' title='bbox 1200 2364 1275 2412; x_wconf 83' lang='lat' dir='ltr'>ac</span> <span class='ocrx_word' id='word_1_142' title='bbox 1308 2340 1360 2411; x_wconf 75' lang='lat' dir='ltr'>si</span> <span class='ocrx_word' id='word_1_143' title='bbox 1389 2336 1715 2434; x_wconf 84' lang='lat' dir='ltr'>propriam</span> <span class='ocrx_word' id='word_1_144' title='bbox 1745 2356 2041 2410; x_wconf 88' lang='lat' dir='ltr'>naturam</span> <span class='ocrx_word' id='word_1_145' title='bbox 2074 2362 2204 2409; x_wconf 93' lang='lat' dir='ltr'>non</span> <span class='ocrx_word' id='word_1_146' title='bbox 2243 2344 2491 2412; x_wconf 81' lang='lat' dir='ltr'>sentiat.</span> 
     </span>
    </p>
   </div>
   <div class='ocr_carea' id='block_1_3' title="bbox 1343 2555 1896 2614">
    <p class='ocr_par' dir='ltr' id='par_1_4' title="bbox 1343 2555 1896 2614">
     <span class='ocr_line' id='line_1_19' title="bbox 1343 2555 1896 2614; baseline 0.004 -2"><span class='ocrx_word' id='word_1_147' title='bbox 1343 2555 1896 2614; x_wconf 67' lang='lat' dir='ltr'>m&#39;rzmtoaa’rm.</span> 
     </span>
    </p>
   </div>
   <div class='ocr_carea' id='block_1_4' title="bbox 600 2750 2630 2937">
    <p class='ocr_par' dir='ltr' id='par_1_5' title="bbox 600 2750 2630 2937">
     <span class='ocr_line' id='line_1_20' title="bbox 684 2750 2630 2837; baseline 0.001 -12"><span class='ocrx_word' id='word_1_148' title='bbox 684 2753 885 2826; x_wconf 82' lang='lat' dir='ltr'><strong>xvn.</strong></span> <span class='ocrx_word' id='word_1_149' title='bbox 940 2751 1131 2837; x_wconf 65' lang='lat' dir='ltr'>Quia</span> <span class='ocrx_word' id='word_1_150' title='bbox 1150 2754 1332 2820; x_wconf 70' lang='lat' dir='ltr'>m?-</span> <span class='ocrx_word' id='word_1_151' title='bbox 1350 2750 1511 2833; x_wconf 77' lang='lat' dir='ltr'>Quae</span> <span class='ocrx_word' id='word_1_152' title='bbox 1533 2754 1757 2821; x_wconf 86' lang='lat' dir='ltr'>oculus</span> <span class='ocrx_word' id='word_1_153' title='bbox 1780 2773 1920 2822; x_wconf 81' lang='lat' dir='ltr'>non</span> <span class='ocrx_word' id='word_1_154' title='bbox 1952 2751 2138 2835; x_wconf 77' lang='lat' dir='ltr'>vidit.</span> <span class='ocrx_word' id='word_1_155' title='bbox 2168 2778 2292 2826; x_wconf 84' lang='lat' dir='ltr'>nec</span> <span class='ocrx_word' id='word_1_156' title='bbox 2325 2755 2496 2826; x_wconf 86' lang='lat' dir='ltr'>auris</span> <span class='ocrx_word' id='word_1_157' title='bbox 2515 2778 2630 2826; x_wconf 89' lang='lat' dir='ltr'>an-</span> 
     </span>
     <span class='ocr_line' id='line_1_21' title="bbox 600 2854 2083 2937; baseline -0.001 -10"><span class='ocrx_word' id='word_1_158' title='bbox 600 2860 831 2937; x_wconf 61' lang='lat' dir='ltr'>noivit,</span> <span class='ocrx_word' id='word_1_159' title='bbox 863 2859 1065 2927; x_wconf 90' lang='lat' dir='ltr'>necin</span> <span class='ocrx_word' id='word_1_160' title='bbox 1095 2880 1210 2925; x_wconf 90' lang='lat' dir='ltr'>cor</span> <span class='ocrx_word' id='word_1_161' title='bbox 1237 2854 1516 2925; x_wconf 85' lang='lat' dir='ltr'>hominis</span> <span class='ocrx_word' id='word_1_162' title='bbox 1547 2860 2024 2930; x_wconf 83' lang='lat' dir='ltr'>ascenderunt¹.</span> <span class='ocrx_word' id='word_1_163' title='bbox 2056 2888 2083 2926; x_wconf 69' lang='lat' dir='ltr'><em>n</em></span> 
     </span>
    </p>
   </div>
   <div class='ocr_carea' id='block_1_5' title="bbox 1428 3077 1823 3138">
    <p class='ocr_par' dir='ltr' id='par_1_6' title="bbox 1428 3077 1823 3138">
     <span class='ocr_line' id='line_1_22' title="bbox 1428 3077 1823 3138; baseline 0.01 -6"><span class='ocrx_word' id='word_1_164' title='bbox 1428 3077 1823 3138; x_wconf 67' lang='lat' dir='ltr'>Responsio,</span> 
     </span>
    </p>
   </div>
   <div class='ocr_carea' id='block_1_6' title="bbox 573 3278 2644 4006">
    <p class='ocr_par' dir='ltr' id='par_1_7' title="bbox 573 3278 2644 4006">
     <span class='ocr_line' id='line_1_23' title="bbox 689 3278 2629 3374; baseline -0.004 -22"><span class='ocrx_word' id='word_1_165' title='bbox 689 3285 807 3353; x_wconf 85' lang='lat' dir='ltr'>mo</span> <span class='ocrx_word' id='word_1_166' title='bbox 843 3294 1133 3374; x_wconf 75' lang='lat' dir='ltr'>tempore</span> <span class='ocrx_word' id='word_1_167' title='bbox 1168 3289 1528 3371; x_wconf 83' lang='lat' dir='ltr'>magnates,</span> <span class='ocrx_word' id='word_1_168' title='bbox 1566 3278 1719 3370; x_wconf 83' lang='lat' dir='ltr'>justi</span> <span class='ocrx_word' id='word_1_169' title='bbox 1738 3328 1757 3360; x_wconf 88' lang='lat'><strong>,</strong></span> <span class='ocrx_word' id='word_1_170' title='bbox 1795 3300 2009 3371; x_wconf 82' lang='lat' dir='ltr'>reges,</span> <span class='ocrx_word' id='word_1_171' title='bbox 2045 3295 2112 3350; x_wconf 91' lang='lat' dir='ltr'>et</span> <span class='ocrx_word' id='word_1_172' title='bbox 2150 3280 2479 3372; x_wconf 81' lang='lat' dir='ltr'>Prophetae</span> <span class='ocrx_word' id='word_1_173' title='bbox 2510 3278 2629 3369; x_wconf 85' lang='lat'>(5),</span> 
     </span>
     <span class='ocr_line' id='line_1_24' title="bbox 573 3386 2634 3477; baseline -0.003 -21"><span class='ocrx_word' id='word_1_174' title='bbox 573 3403 937 3457; x_wconf 73' lang='lat' dir='ltr'>-ventnrum</span> <span class='ocrx_word' id='word_1_175' title='bbox 1001 3413 1137 3455; x_wconf 81' lang='lat' dir='ltr'>esse</span> <span class='ocrx_word' id='word_1_176' title='bbox 1199 3386 1588 3453; x_wconf 77' lang='lat' dir='ltr'>Salvatorem</span> <span class='ocrx_word' id='word_1_177' title='bbox 1640 3402 1944 3455; x_wconf 84' lang='lat' dir='ltr'>noverant</span> <span class='ocrx_word' id='word_1_178' title='bbox 1981 3410 1997 3453; x_wconf 73' lang='grc' dir='ltr'><em>τ</em></span> <span class='ocrx_word' id='word_1_179' title='bbox 2033 3411 2365 3477; x_wconf 81' lang='lat' dir='ltr'>passurum</span> <span class='ocrx_word' id='word_1_180' title='bbox 2423 3399 2634 3455; x_wconf 87' lang='lat' dir='ltr'>autem</span> 
     </span>
     <span class='ocr_line' id='line_1_25' title="bbox 593 3491 2637 3584; baseline -0.002 -24"><span class='ocrx_word' id='word_1_181' title='bbox 593 3515 776 3571; x_wconf 80' lang='lat' dir='ltr'>esse,</span> <span class='ocrx_word' id='word_1_182' title='bbox 811 3491 1316 3582; x_wconf 78' lang='lat' dir='ltr'>crucifigendum</span> <span class='ocrx_word' id='word_1_183' title='bbox 1342 3543 1359 3567; x_wconf 90' lang='lat'><strong>,</strong></span> <span class='ocrx_word' id='word_1_184' title='bbox 1401 3514 1472 3559; x_wconf 87' lang='lat' dir='ltr'>ac</span> <span class='ocrx_word' id='word_1_185' title='bbox 1500 3494 1869 3584; x_wconf 85' lang='lat' dir='ltr'>sanguinem</span> <span class='ocrx_word' id='word_1_186' title='bbox 1895 3494 2301 3583; x_wconf 76' lang='lat' dir='ltr'>profusurum</span> <span class='ocrx_word' id='word_1_187' title='bbox 2342 3493 2403 3557; x_wconf 88' lang='lat' dir='ltr'>in</span> <span class='ocrx_word' id='word_1_188' title='bbox 2439 3512 2637 3555; x_wconf 87' lang='lat' dir='ltr'>cruce</span> 
     </span>
     <span class='ocr_line' id='line_1_26' title="bbox 595 3598 2636 3688; baseline -0.002 -23"><span class='ocrx_word' id='word_1_189' title='bbox 595 3621 724 3666; x_wconf 89' lang='lat' dir='ltr'>non</span> <span class='ocrx_word' id='word_1_190' title='bbox 753 3613 1064 3664; x_wconf 85' lang='lat' dir='ltr'>noverant</span> <span class='ocrx_word' id='word_1_191' title='bbox 1088 3648 1105 3673; x_wconf 86' lang='lat'>‚</span> <span class='ocrx_word' id='word_1_192' title='bbox 1141 3622 1345 3687; x_wconf 88' lang='lat' dir='ltr'>neque</span> <span class='ocrx_word' id='word_1_193' title='bbox 1371 3600 1703 3666; x_wconf 87' lang='lat' dir='ltr'>audierant</span> <span class='ocrx_word' id='word_1_194' title='bbox 1719 3625 1737 3674; x_wconf 70' lang='grc' dir='ltr'><strong><em>ς</em></strong></span> <span class='ocrx_word' id='word_1_195' title='bbox 1768 3623 1978 3688; x_wconf 87' lang='lat' dir='ltr'>noque</span> <span class='ocrx_word' id='word_1_196' title='bbox 2006 3601 2290 3666; x_wconf 85' lang='lat' dir='ltr'>ascendit</span> <span class='ocrx_word' id='word_1_197' title='bbox 2315 3598 2380 3664; x_wconf 91' lang='lat' dir='ltr'>in</span> <span class='ocrx_word' id='word_1_198' title='bbox 2409 3618 2636 3662; x_wconf 86' lang='lat' dir='ltr'>eorum</span> 
     </span>
     <span class='ocr_line' id='line_1_27' title="bbox 595 3702 2638 3794; baseline -0.002 -23"><span class='ocrx_word' id='word_1_199' title='bbox 595 3725 712 3772; x_wconf 86' lang='lat' dir='ltr'>cor</span> <span class='ocrx_word' id='word_1_200' title='bbox 751 3705 1037 3770; x_wconf 72' lang='lat' dir='ltr'>futurum</span> <span class='ocrx_word' id='word_1_201' title='bbox 1075 3704 1388 3794; x_wconf 83' lang='lat' dir='ltr'>baptisma</span> <span class='ocrx_word' id='word_1_202' title='bbox 1437 3704 1601 3794; x_wconf 87' lang='lat' dir='ltr'>ignis</span> <span class='ocrx_word' id='word_1_203' title='bbox 1640 3727 1712 3769; x_wconf 90' lang='lat' dir='ltr'>ac</span> <span class='ocrx_word' id='word_1_204' title='bbox 1749 3704 2025 3794; x_wconf 77' lang='lat' dir='ltr'>Spiritus</span> <span class='ocrx_word' id='word_1_205' title='bbox 2058 3706 2298 3782; x_wconf 87' lang='lat' dir='ltr'>sancti;</span> <span class='ocrx_word' id='word_1_206' title='bbox 2347 3706 2536 3778; x_wconf 89' lang='lat' dir='ltr'>item,</span> <span class='ocrx_word' id='word_1_207' title='bbox 2574 3702 2638 3767; x_wconf 93' lang='lat' dir='ltr'>in</span> 
     </span>
     <span class='ocr_line' id='line_1_28' title="bbox 583 3805 2643 3899; baseline -0.001 -24"><span class='ocrx_word' id='word_1_208' title='bbox 583 3808 879 3875; x_wconf 75' lang='lat' dir='ltr'>Ecclesia</span> <span class='ocrx_word' id='word_1_209' title='bbox 924 3807 1320 3875; x_wconf 81' lang='lat' dir='ltr'>offerendum</span> <span class='ocrx_word' id='word_1_210' title='bbox 1352 3832 1490 3875; x_wconf 85' lang='lat' dir='ltr'>esse</span> <span class='ocrx_word' id='word_1_211' title='bbox 1527 3832 1753 3898; x_wconf 87' lang='lat' dir='ltr'>panem</span> <span class='ocrx_word' id='word_1_212' title='bbox 1778 3823 1844 3876; x_wconf 89' lang='lat' dir='ltr'>et</span> <span class='ocrx_word' id='word_1_213' title='bbox 1878 3811 2132 3887; x_wconf 81' lang='lat' dir='ltr'>vinum,</span> <span class='ocrx_word' id='word_1_214' title='bbox 2176 3822 2404 3899; x_wconf 84' lang='lat' dir='ltr'>typum</span> <span class='ocrx_word' id='word_1_215' title='bbox 2438 3831 2547 3874; x_wconf 90' lang='lat' dir='ltr'>seu</span> <span class='ocrx_word' id='word_1_216' title='bbox 2571 3805 2643 3872; x_wconf 86' lang='lat' dir='ltr'>fi-</span> 
     </span>
     <span class='ocr_line' id='line_1_29' title="bbox 593 3913 2644 4006; baseline -0.001 -26"><span class='ocrx_word' id='word_1_217' title='bbox 593 3935 817 4005; x_wconf 81' lang='lat' dir='ltr'>guram</span> <span class='ocrx_word' id='word_1_218' title='bbox 843 3914 1053 3981; x_wconf 84' lang='lat' dir='ltr'>carnis</span> <span class='ocrx_word' id='word_1_219' title='bbox 1075 3915 1214 4003; x_wconf 85' lang='lat' dir='ltr'>ejus</span> <span class='ocrx_word' id='word_1_220' title='bbox 1239 3936 1312 3981; x_wconf 86' lang='lat' dir='ltr'>ac</span> <span class='ocrx_word' id='word_1_221' title='bbox 1345 3913 1664 4002; x_wconf 74' lang='lat' dir='ltr'>sanguinis</span> <span class='ocrx_word' id='word_1_222' title='bbox 1693 3939 1708 3979; x_wconf 73' lang='grc' dir='ltr'><strong><em>ε</em></strong></span> <span class='ocrx_word' id='word_1_223' title='bbox 1738 3927 1926 4003; x_wconf 84' lang='lat' dir='ltr'>atque</span> <span class='ocrx_word' id='word_1_224' title='bbox 1947 3938 2087 3992; x_wconf 87' lang='lat' dir='ltr'>eos,</span> <span class='ocrx_word' id='word_1_225' title='bbox 2121 3915 2229 4005; x_wconf 85' lang='lat' dir='ltr'>qni</span> <span class='ocrx_word' id='word_1_226' title='bbox 2253 3914 2644 4006; x_wconf 87' lang='lat' dir='ltr'>participant</span> 
     </span>
    </p>
   </div>
   <div class='ocr_carea' id='block_1_7' title="bbox 665 4049 978 4119">
    <p class='ocr_par' dir='ltr' id='par_1_8' title="bbox 665 4049 978 4119">
     <span class='ocr_line' id='line_1_30' title="bbox 665 4049 978 4119; baseline -0.013 -16"><span class='ocrx_word' id='word_1_227' title='bbox 665 4063 682 4092; x_wconf 79' lang='lat'>⁸</span> <span class='ocrx_word' id='word_1_228' title='bbox 710 4049 827 4103; x_wconf 74' lang='lat' dir='ltr'>Cor.</span> <span class='ocrx_word' id='word_1_229' title='bbox 854 4066 908 4107; x_wconf 85' lang='grc' dir='ltr'>ιι.</span> <span class='ocrx_word' id='word_1_230' title='bbox 926 4067 978 4119; x_wconf 75' lang='lat'>9.</span> 
     </span>
    </p>
   </div>
  </div>
 </body>
</html>
