2982 4885
1197 483 1459 528 numus
1502 485 1598 528 xi..
2297 470 2378 533 αδ
2393 494 2413 535 ι

387 597 561 666 ditur
604 621 753 689 erga
799 598 1043 676 Deum,
1088 611 1154 665 et
1201 577 1469 687 gratiam
1514 597 1920 688 perfectiouis
1972 603 2425 671 sanctificantis

388 704 659 795 Spiritus
686 705 964 796 suscipit.

1132 926 1204 980 m
1212 924 1491 981 ‘rssuuoc
1498 924 1684 978 A'rw.

480 1129 591 1197 111.
647 1126 991 1210 Quoniam
1012 1126 1292 1212 quidam
1309 1124 1611 1191 vendunt
1631 1125 1981 1213 facultates
2008 1149 2189 1200 suas.
2214 1151 2431 1199 servos

396 1235 691 1301 libertato
723 1234 1011 1307 donant,
1059 1247 1121 1297 et
1155 1231 1436 1320 implent
1463 1230 1828 1306 mandam,
1873 1254 2012 1298 non
2041 1247 2267 1299 tamen
2291 1251 2430 1300 stu-

396 1339 553 1405 dent
583 1340 889 1424 consequi
922 1337 996 1401 in
1023 1337 1142 1402 hoc
1162 1336 1419 1402 mundo
1444 1334 1827 1424 Spiritum,
1864 1360 2034 1404 num
2062 1341 2182 1425 qui
2212 1341 2309 1407 sic
2336 1343 2438 1406 υἱ.

396 1459 602 1519 vum,
635 1466 773 1508 non
803 1441 1143 1509 abeuntia
1163 1464 1448 1530 regnum
1471 1443 1835 1509 omem-um?
2371 1437 2378 1440 ’

1232 1656 1634 1712 amponsm.

390 1913 393 1916 -
490 1864 848 1954 Disputatio
881 1863 1018 1931 baec
1041 1861 1289 1929 subtilis
1316 1872 1432 1927 est.
1464 1859 1744 1940 Quidam
1773 1858 1945 1926 enim
1979 1857 2155 1946 aiunt
2184 1856 2448 1942 unicum

400 1995 538 2037 esse
567 1994 861 2061 regnum,
892 1982 957 2037 et
986 1970 1243 2035 unicam
1272 1966 1632 2056 gehennam
1665 1964 1787 2053 (9).
1824 1964 1954 2032 Nos
1986 1975 2198 2030 autem
2232 1962 2448 2028 asseri-

399 2099 541 2144 mus
571 2080 806 2143 multos
843 2099 980 2142 esse
1007 2074 1239 2164 gradus
1255 2121 1274 2148 ,
1300 2070 1686 2139 differentias
1713 2081 1902 2156 atque
1925 2089 2256 2133 mensuras
2272 2055 2298 2142 ,⁶
2315 2085 2448 2131 non

404 2187 611 2250 solum
643 2185 708 2251 in
739 2185 874 2271 ipso
898 2205 1119 2271 regno,
1147 2178 1564 2248 verumetiam
1587 2176 1652 2246 in
1675 2173 1984 2263 gebenna.
2018 2174 2451 2253 Quemadmo-

406 2290 561 2353 dum
584 2310 734 2374 ergo
763 2299 860 2351 est
880 2307 1007 2351 una
1032 2285 1237 2349 anima
1261 2284 1327 2346 in
1350 2281 1650 2346 omuibus
1671 2277 2002 2351 membris,
2035 2276 2456 2344 nihilominus

410 2412 485 2456 ea
517 2409 768 2454 sursum
796 2388 862 2452 iu
891 2388 1158 2453 cerebro
1189 2384 1315 2448 vim
1348 2404 1531 2447 suam
1559 2380 1793 2454 exerit,
1834 2393 1901 2445 et
1930 2381 2226 2445 deorsum
2259 2382 2454 2466 pedes

412 2504 820 2560 commovet=
865 2491 955 2558 sic
995 2509 1252 2578 quoque
1293 2483 1602 2551 Divinitas
1644 2503 1864 2547 omnes
1905 2493 2274 2573 creaturas,
2317 2492 2457 2546 tum

415 2599 726 2672 coelestes,
763 2608 900 2661 tum
930 2616 1071 2683 quse
1100 2592 1322 2657 subtus
1359 2590 1659 2676 abyssum
1689 2596 1862 2660 sunt,
1897 2584 2208 2660 continet,
2232 2595 2301 2651 et
2323 2585 2458 2650 ubi-

416 2727 542 2793 que
583 2705 769 2792 pleno
798 2714 895 2767 est
925 2702 989 2765 in
1019 2695 1355 2771 creaturis,
1387 2692 1675 2783 quamvis
1703 2692 1904 2757 aliena
1936 2712 1973 2755 a
2006 2690 2314 2755 creaturis
2349 2688 2455 2764 sit,

417 2830 497 2875 eo
518 2809 694 2897 quod
720 2806 803 2872 sit
828 2800 1234 2873 dimensionis
1255 2812 1321 2865 et
1338 2794 1930 2886 comprehensionis
1952 2814 2196 2882 expers.
2231 2792 2462 2857 Atten-

419 2914 511 2981 dit
538 2936 691 3002 crgo
719 2912 854 3001 ipsa
888 2909 1193 2978 Divinitas
1215 2904 1605 2979 hominibus,
1632 2914 1698 2968 ot
1719 2902 2033 2991 gubernat
2063 2890 2275 2965 omnia
2308 2918 2464 2963 cum.

418 3022 680 3103 rationo.
720 3019 800 3084 Et
830 3017 1132 3106 quoniam
1164 3011 1451 3078 nonnulli
1498 3019 1863 3098 precantur,
1906 3006 2268 3094 ignorantes
2304 2999 2466 3087 quid.

420 3136 741 3212 quaerant3
774 3122 1032 3210 quidam
1069 3111 1219 3186 vero
1255 3116 1583 3207 jejunant3
1620 3112 1725 3179 alii
1755 3109 2111 3177 consistunt
2143 3107 2207 3171 in
2238 3103 2466 3170 minis-

421 3229 604 3305 terio,
656 3226 1001 3314 unicuique
1037 3247 1153 3314 pro
1187 3223 1381 3289 modo
1426 3218 1600 3294 fidei,
1650 3217 1846 3290 Deus,
1880 3213 1988 3303 qui
2030 3212 2236 3300 justus
2267 3209 2469 3296 judex

422 3345 541 3410 est,
573 3331 780 3399 mddit
808 3331 1191 3397 mercedem.
1243 3326 1405 3406 Quae
1434 3323 1610 3390 enim
1637 3320 1915 3392 faciunt,
1948 3322 2129 3380 metu
2156 3311 2276 3377 Dei
2313 3320 2468 3400 per-

427 3451 663 3527 agunt:
698 3459 920 3503 verum
957 3456 1088 3500 non
1119 3452 1342 3497 omnes
1370 3429 1472 3494 isti
1503 3426 1639 3502 filii,
1674 3437 1784 3492 aut
1814 3443 2016 3508 reges,
2048 3429 2157 3483 aut
2177 3415 2468 3501 hau-edes

430 3553 596 3606 sunt.

519 3643 622 3707 lv.
680 3642 997 3709 Caeterum
1030 3638 1092 3704 in
1123 3635 1366 3701 mundo
1394 3629 1500 3696 alii
1529 3641 1677 3694 suut
1713 3625 2077 3699 homicidae,
2112 3624 2214 3688 alii
2247 3635 2471 3711 stupro

439 3741 660 3819 dediti,
695 3746 797 3811 alii
825 3756 1144 3833 raptores:
1180 3759 1433 3804 rursum
1470 3732 1762 3801 nonnulli
1794 3752 1904 3797 sua
1936 3726 2323 3816 pauperibus
2352 3727 2472 3791 lar-

438 3847 700 3938 giuntur
728 3872 748 3922 ς
795 3845 1061 3913 attendit
1087 3865 1340 3931 quoque
1369 3842 1468 3909 his
1498 3851 1563 3907 et
1591 3837 1713 3909 illis
1746 3834 2080 3923 Dominus,
2114 3842 2178 3899 et
2199 3829 2474 3921 quidem

382 3966 389 3972 ’
436 3956 607 4022 bene
633 3951 991 4043 agentibus,
1019 3950 1298 4041 quietem
1329 3960 1394 4015 et
1422 3945 1754 4037 proemium
1783 3940 2073 4031 largitur.
2108 3936 2273 4007 Sunt
2301 3934 2480 4019 enim
