2982 4885
1080 510 1334 554 somma
1384 509 1595 552 xxvui.
2235 508 2360 572 297

324 632 534 698 raneis
562 630 828 716 quisque
856 627 1163 715 probetur
1185 675 1202 701 ,
1240 648 1318 688 an
1351 627 1568 688 credat
1601 625 1735 688 Deo
1753 671 1771 697 ,
1799 626 1973 711 quod
2001 623 2363 712 promiserit

327 760 394 803 se
421 736 796 824 largiturum
819 783 839 808 ,
874 735 1069 798 modo
1100 753 1215 797 nos
1254 733 1334 795 de
1369 731 1598 797 talibus
1627 729 1786 794 nihil
1819 731 2015 795 simus
2059 728 2307 795 solliciti
2334 753 2354 802 ς

326 845 439 908 sed
470 844 774 908 duntaxat
802 840 880 904 dc
912 837 1141 903 suturis
1164 836 1355 901 rebus
1388 834 1641 901 aeternis
1671 856 1889 898 curam
1920 835 2351 923 suscipiamus.

415 948 491 1014 11.
545 947 626 1013 Et
664 958 821 1013 tunc
856 943 1262 1012 manifestum
1291 954 1386 1007 est
1420 942 1598 1006 illum
1630 940 1891 1004 credere
1923 942 2002 1005 de
2034 940 2356 1029 incorrup-

326 1053 612 1119 tibilibus
642 1101 661 1128 ,
698 1064 763 1117 et
786 1073 1001 1117 revera
1027 1071 1311 1137 qnaerere
1340 1059 1575 1113 oeterna
1598 1047 1766 1113 bona
1785 1093 1804 1118 ,
1838 1045 1890 1110 si
1924 1046 2001 1110 de
2022 1044 2150 1132 jam
2176 1047 2359 1112 dictis

325 1178 542 1222 sanam
582 1155 777 1222 fidem
812 1166 1162 1221 conservat.
1207 1153 1414 1219 Debet
1444 1151 1616 1217 enim
1649 1149 1918 1239 quisque
1958 1172 2217 1246 eorum,
2249 1150 2359 1237 qui

324 1265 769 1351 obtemperant
792 1259 1069 1325 veritatis
1096 1259 1293 1324 verbo
1312 1306 1330 1331 ‚
1368 1257 1643 1345 probare
1679 1279 1746 1321 se
1779 1257 1982 1344 ipsum
2004 1303 2023 1330 ,
2058 1278 2130 1321 ac
2155 1255 2380 1321 disca--

328 1380 484 1441 tere,
512 1369 610 1431 vel
634 1388 666 1430 a
701 1365 1131 1452 spiritualibus
1164 1363 1310 1428 viris
1338 1361 1674 1450 dijudicari
1707 1374 1896 1448 atque
1926 1361 2203 1449 probari,
2237 1384 2363 1449 qua

327 1471 574 1534 ratione
604 1468 971 1542 crediderit,
996 1480 1060 1531 ct
1077 1469 1211 1532 Deo
1235 1490 1302 1532 se
1332 1467 1539 1553 ipsum
1565 1465 1917 1540 tradiderit,
1947 1489 2027 1530 an
2059 1487 2275 1530 revera
2298 1464 2363 1529 in

329 1574 595 1639 veritate
630 1573 804 1659 juxta
835 1572 1102 1636 verbum
1141 1572 1315 1658 ejus,
1350 1595 1430 1636 an
1462 1571 1762 1660 opinione
1795 1570 2262 1660 justificationis
2299 1582 2366 1636 et
2437 1561 2448 1570 ’

331 1676 516 1753 fidei,
541 1700 731 1766 quam
760 1676 955 1743 habet
977 1678 1145 1767 apud
1176 1700 1244 1742 se
1264 1726 1282 1752 ,
1317 1701 1384 1742 se
1408 1680 1671 1743 credere
1702 1678 2035 1744 existimet.
2077 1674 2365 1756 Quilibet

331 1784 502 1850 enim
530 1805 609 1847 an
639 1782 705 1846 in
736 1784 990 1847 modico
1014 1781 1216 1847 fidelis
1252 1782 1366 1856 sit,
1393 1784 1472 1847 de
1496 1783 1920 1871 temporaneis
1942 1771 2199 1870 lotjuor,
2225 1804 2366 1870 pro-

328 1892 521 1955 batur
551 1902 616 1955 et
655 1889 957 1977 arguitur.
1011 1888 1158 1969 Quo
1205 1902 1395 1976 pacto
1432 1899 1684 1964 autem,
1734 1889 1926 1954 audi:
1970 1914 1995 1947 α
2032 1887 2259 1953 Ais-ne
2302 1897 2364 1951 te

330 1994 593 2062 credere
634 2014 831 2083 regno
860 1996 1168 2061 coelorum
1205 1993 1464 2082 dignum
1497 1995 1742 2069 haberi,
1768 2006 1834 2060 et
1862 1992 2093 2060 Filium
2118 1991 2236 2057 Dei
2258 2013 2363 2056 na-

332 2114 466 2167 tum
498 2099 767 2189 desuper
783 2123 942 2175 esse,
972 2112 1037 2166 et
1062 2098 1460 2166 cohaeredem
1496 2100 1751 2176 Christi,
1788 2112 1977 2188 atque
1996 2122 2114 2188 per
2134 2108 2366 2163 cuncta

334 2208 559 2272 saecula
590 2219 652 2272 te
688 2213 1100 2291 regnaturum
1127 2227 1274 2269 cum
1304 2228 1405 2279 eo,
1433 2217 1501 2270 et
1530 2205 1872 2272 fruiturum
1910 2204 2151 2269 deliciis
2181 2200 2246 2267 in
2276 2204 2369 2268 lu-

334 2308 507 2374 mine
532 2330 786 2382 arcano,
822 2330 937 2393 per
965 2307 1209 2371 infinita
1240 2320 1305 2371 et
1336 2308 1820 2374 innumerabilia
1852 2311 2075 2374 saecnla
2098 2356 2117 2382 ,
2153 2329 2370 2393 quem·-

345 2414 694 2478 admodum
730 2422 796 2476 et
818 2411 987 2475 Deus
1012 2411 1038 2474 Ρ
1068 2437 1094 2471 ι
1136 2410 1363 2497 Utique
1392 2410 1601 2486 dices3
1632 2439 1657 2471 ι
1693 2413 1854 2476 Imo.
1901 2413 2167 2500 Propter
2200 2410 2366 2476 hanc

341 2518 510 2584 enim
531 2537 787 2583 causam
802 2515 1116 2604 digressus
1129 2538 1165 2579 e
1179 2516 1447 2591 mundo,
1464 2538 1568 2581 me
1581 2516 1783 2604 ipsum
1799 2516 2073 2582 Domino
2085 2515 2354 2581 dedidi.»

430 2624 539 2687 ΙΙΙ.
592 2621 897 2687 Examina
938 2643 1088 2709 ergo
1139 2633 1201 2685 te
1246 2621 1497 2710 ipsum,
1538 2644 1695 2687 num
1738 2622 1900 2687 sorte
1947 2634 2007 2688 te
2051 2622 2375 2688 detineant

343 2728 551 2798 adhuc
582 2749 751 2794 curae
774 2740 1062 2804 terrenae,
1089 2737 1155 2792 et
1175 2727 1537 2794 sollicitudo
1566 2729 1765 2793 multa
1791 2730 1872 2794 de
1893 2728 2176 2817 corporis
2203 2730 2372 2793 victu

343 2847 407 2899 ct·
443 2834 717 2909 amictu,
762 2856 1009 2900 necnon
1045 2834 1283 2921 reliqua
1325 2834 1532 2900 studia
1572 2845 1637 2899 et
1667 2834 2021 2911 recreati03
2058 2835 2234 2923 quasi
2267 2847 2376 2901 tua

341 2941 640 3006 facultate
661 2953 993 3031 promptus
1024 2941 1105 3006 sis
1139 2964 1211 3008 ac
1234 2941 1564 3030 provideas
1601 2941 1885 3031 tibiipsi,
1919 2965 2058 3030 quae
2079 2942 2375 3006 mandata

342 3045 455 3112 tibi
482 3058 652 3123 sunt,
687 3070 768 3113 ne
806 3047 1063 3112 omnino
1095 3046 1178 3114 sis
1216 3046 1523 3115 sollicitus
1545 3049 1625 3111 de
1650 3057 1713 3111 te
1745 3045 1898 3136 ipso.
1933 3047 2004 3113 Si
2021 3048 2192 3114 enim
2229 3067 2374 3113 cre-

344 3151 437 3216 ‹lis
483 3164 544 3217 te
589 3151 1007 3228 immortalia,
1054 3164 1287 3217 aeterna
1340 3164 1405 3218 et
1437 3153 1871 3240 permanentia
1916 3166 2103 3241 atque
2140 3152 2374 3219 invidia

344 3254 626 3322 carentia
659 3269 1150 3323 consecuturum
1176 3279 1314 3323 esse
1342 3281 1358 3319 ε
1394 3270 1632 3346 quanto
1654 3259 1852 3347 magis
1881 3260 2015 3325 haec
2047 3263 2288 3324 caduca
2310 3271 2376 3324 et

347 3373 621 3436 terrena,
648 3386 787 3449 qnae
811 3365 980 3428 Deus
1002 3364 1273 3429 contulit
1294 3366 1394 3428 vel
1416 3363 1625 3451 impiis
1648 3364 2038 3436 hominibus,
2063 3364 2280 3429 bestiis
2304 3387 2379 3430 ae

344 3467 748 3542 volucribus,
786 3469 1046 3530 credere
1092 3466 1284 3528 debes
1324 3466 1668 3530 Dominum
1709 3467 1824 3532 tibi
1862 3467 2271 3554 largiturum,
2309 3481 2382 3534 ut.

347 3591 601 3655 quoque
641 3567 960 3656 praecipit,
998 3587 1257 3653 prorsus
1295 3586 1424 3627 non
1454 3569 1535 3629 de
1570 3568 1667 3631 his
1699 3572 2036 3636 sollicitum
2068 3593 2204 3636 esse
2226 3620 2244 3646 ,
2281 3573 2384 3638 di-

350 3692 501 3735 cens
530 3694 544 3734 ε
593 3700 618 3731 ι
642 3674 734 3749 Ne
754 3670 1006 3736 solliciti
1030 3669 1164 3734 sitis
1187 3667 1341 3754 quid
1371 3669 1793 3747 manducetis,
1820 3675 2105 3763 aut-quid
2126 3676 2381 3754 bibatis,

240 3814 249 3825 κ
352 3803 378 3836 ι
399 3787 506 3840 aut
529 3797 655 3862 quo
671 3776 1060 3864 operiamini.
1093 3775 1242 3840 Haec
1266 3774 1435 3841 enim
1460 3776 1671 3842 omnia
1688 3800 1808 3866 gen
1899 3864 1902 3869 f
2085 3780 2257 3851 irunt
2276 3780 2394 3849 ’.ι

351 3880 465 3947 Sin
495 3882 576 3946 de
614 3880 712 3946 his
743 3881 950 3948 adhuc
982 3902 1202 3948 curam
1235 3879 1436 3970 geris,
1461 3902 1584 3948 nec
1614 3883 1822 3963 credis
1863 3874 1870 3877 i
2013 3878 2024 3905 ³
2045 3884 2387 3957 umsstotum

422 4026 438 4057 ⁸
469 4015 651 4069 unuh.
674 4032 744 4076 vi,
764 4015 849 4070 52.
