2982 4885
726 382 804 446 16
1399 403 1448 444 s.
1505 401 1767 453 mcum
1804 400 2085 450 ‘merri-11

717 521 901 609 digna
926 514 1384 604 judicabuntur
1414 516 1693 594 honore,
1726 541 1917 606 quem
1952 544 2121 589 nunc
2155 523 2400 601 anima,
2434 547 2576 614 quae
2611 528 2746 619 spi-

711 623 860 691 ritui
886 622 1195 713 permixta
1225 635 1350 697 est,
1375 624 1553 712 prius
1584 626 1871 715 percipit.

802 727 904 795 lv.
961 729 1153 809 Quod
1204 742 1413 794 autem
1479 730 1544 794 in
1608 734 1864 798 coeleste
1916 737 2133 800 lumen
2192 739 2464 803 evadant
2528 740 2745 808 animae

712 837 1063 925 justorum,
1113 834 1244 922 ipse
1279 835 1590 901 Dominus
1633 838 1949 927 Apostolis
1990 840 2183 906 dicit:
2228 869 2254 901 α
2288 842 2417 908 Vos
2452 846 2597 910 estis
2644 848 2745 912 lux

710 938 1039 1006 »mundi¹.
1073 967 1098 1000 n
1132 940 1272 1029 lpse
1299 941 1510 1016 enim,
1553 943 1659 1029 qui
1689 942 1904 1009 effecit
1938 968 2046 1010 eos
2078 948 2323 1022 lucem,
2361 971 2476 1036 per
2508 949 2644 1013 illos
2670 951 2746 1015 il-

708 1038 1006 1116 luminari
1054 1048 1366 1111 mundum
1416 1046 1598 1132 jussit
1641 1071 1715 1113 ac
1756 1051 2100 1139 praecepit.-
2135 1079 2160 1111 ι
2199 1052 2337 1118 Non
2394 1058 2744 1122 accendunt

1353 1162 1403 1226 t,
1444 1164 1509 1216 et
1550 1167 1799 1241 ponunt
1836 1156 2005 1221 illam
2037 1158 2257 1222 subter
2285 1161 2602 1236 modium,
2638 1164 2743 1227 sed

1357 1279 1419 1321 m
1442 1305 1460 1332 ‚
1489 1271 1552 1322 et
1571 1261 1742 1324 lucet
1765 1261 2059 1327 omnibus
2080 1315 2096 1339 ,
2124 1265 2233 1350 qui
2263 1264 2486 1331 suntin
2509 1269 2695 1331 domo
2718 1293 2737 1342 ς

1353 1385 1419 1427 ra
1440 1385 1657 1430 coram
1693 1365 2057 1432 hominibus
2080 1368 2131 1443 ²,
2160 1398 2184 1429 ι
2214 1368 2336 1434 hoc
2362 1383 2491 1449 est,
2515 1394 2596 1437 ne
2630 1395 2740 1437 oc-

1353 1471 1477 1532 uod
1511 1472 1841 1558 accepistis
1872 1497 1906 1537 a
1941 1497 2079 1549 me,
2123 1477 2234 1539 sed
2271 1477 2412 1539 date
2444 1477 2738 1543 omnibus

1353 1596 1476 1637 rsus
1516 1598 1531 1635 :
1596 1601 1621 1633 ι
1658 1576 1945 1640 Lucerna
2004 1581 2286 1665 corporis
2348 1592 2444 1642 est
2491 1583 2725 1648 oculus.

704 1682 915 1745 »Cum
959 1679 1150 1765 igitur
1192 1678 1414 1740 oculus
1463 1690 1609 1741 tuus
1655 1679 1847 1743 suerit
1885 1680 2172 1755 lucidus,
2223 1693 2428 1745 totum
2487 1702 2729 1769 quoque

704 1806 983 1872 »corpus
1012 1795 1196 1846 tuum
1247 1780 1529 1846 lucidum
1574 1784 1712 1848 erit.
1768 1785 1960 1864 Quod
2003 1785 2051 1848 si
2091 1788 2291 1850 malus
2332 1788 2484 1861 crit,
2533 1798 2731 1852 totum

700 1911 999 1976 »quoque
1038 1908 1268 1973 corpus
1293 1898 1474 1951 tuum
1507 1889 1916 1953 tenebrosum
1943 1889 2122 1955 erit⁸.
2166 1890 2230 1955 Si
2264 1892 2453 1980 igitur
2481 1894 2726 1967 lumen,

699 1997 917 2081 »quod
971 1993 1033 2057 in
1083 2004 1165 2057 te>
1198 2003 1339 2066 est,
1392 1994 1670 2057 tenebrae
1730 2007 1878 2059 sunt
1911 2044 1927 2068 ,
1982 1998 2259 2061 tenebrae
2324 2010 2569 2084 quantas
2632 1999 2732 2061 su·-

699 2099 936 2165 ηψπ*
968 2096 997 2161 ἱ)
1031 2127 1056 2160 »
1108 2096 1668 2174 Quemadmodum
1726 2100 1895 2163 enim
1964 2103 2132 2165 oculi
2176 2103 2457 2192 corporis
2515 2104 2727 2168 lumen

695 2217 872 2280 sunt,
895 2217 957 2268 et
989 2204 1240 2290 quando
1274 2202 1442 2266 oculi
1477 2203 1830 2268 incolumes
1868 2227 1938 2270 ac
1968 2208 2099 2270 sani
2134 2219 2305 2280 sunt,
2357 2219 2559 2271 totum
2596 2230 2730 2272 cor-

692 2336 809 2402 pus
854 2309 1274 2382 illuminatum
1309 2308 1543 2373 sivero
1575 2309 1726 2396 quid
1770 2309 2036 2387 incidat,
2088 2326 2157 2376 ut
2198 2314 2471 2377 tenebris
2517 2313 2727 2377 oss'un-

691 2420 959 2491 dantur,
1007 2428 1213 2482 totum
1259 2437 1490 2502 corpus
1550 2416 1954 2481 tenebrosum
1998 2417 2285 2483 redditur
2322 2440 2337 2481 ε
2387 2416 2475 2481 sic
2519 2418 2726 2505 Apos-

691 2524 838 2597 toli,
882 2523 1049 2586 oculi
1084 2533 1149 2582 ct
1190 2522 1406 2582 lumen
1450 2518 1642 2581 totius
1689 2523 1908 2586 mundi
1951 2523 2275 2586 constituti
2327 2546 2398 2586 ac
2450 2523 2721 2587 ordinati

689 2642 876 2695 sunt:
918 2628 1074 2692 dixit
1113 2626 1305 2712 igitur
1337 2624 1409 2687 iis
1451 2625 1819 2714 praecipiens
1868 2628 2219 2693 Dominus:
2257 2655 2282 2687 ι
2307 2626 2371 2691 Si
2418 2652 2560 2704 vos,
2614 2629 2720 2715 qui

686 2735 877 2800 »estis
923 2735 1031 2798 lux
1067 2728 1326 2803 mundi,
1379 2733 1954 2817 perseveraveritis,
1990 2755 2107 2796 noc
2143 2731 2525 2813 deflectatis„
2567 2756 2720 2799 ecce

683 2851 935 2906 »totum
992 2857 1225 2923 eorpus
1279 2833 1501 2897 mundi
1550 2833 1928 2900 illustratum
1960 2848 2098 2900 cst:
2147 2837 2197 2901 si
2231 2841 2377 2902 &ero
2425 2860 2571 2913 vos,
2609 2840 2715 2925 qui

681 2948 871 3013 »estis
907 2947 1050 3015 lux',
1085 2939 1349 3027 caligine
1389 2939 1651 3007 obducti
1685 2941 1949 3017 fueritis,
1987 2955 2235 3029 quant'ae
2264 2943 2491 3008 suturae
2533 2955 2718 3007 tene-

677 3054 882 3131 »brae,
913 3071 1053 3135 quae
1094 3047 1676 3111 siintmttnd11s⁵?»
1719 3048 1855 3113 Lux
1890 3047 2079 3136 igitur
2126 3073 2276 3114 cum
2314 3062 2523 3113 essent
2563 3049 2715 3114 sacti

676 3154 995 3245 Apostoli,
1054 3154 1264 3218 lucem
1323 3153 1734 3240 praebuerunt
1777 3156 2243 3232 credentibusf
2282 3156 2711 3220 illuminantes

674 3263 926 3327 illorum
958 3258 1304 3348 praecordia
1335 3260 1573 3324 coelesti
1607 3258 1877 3347 Spiritus
1901 3261 2140 3326 lumine
2161 3310 2177 3337 ,
2209 3285 2336 3350 quo
2374 3274 2438 3327 et
2475 3260 2590 3350 ipsi
2631 3260 2715 3324 il·-

670 3366 961 3436 luminati
992 3376 1190 3430 erant.

758 3471 834 3539 V.
890 3472 970 3538 Et
999 3474 1089 3536 sal
1109 3493 1257 3536 cum
1287 3484 1497 3537 essent
1530 3470 1681 3560 ipsi,
1718 3472 2104 3547 condiebant
2131 3486 2196 3538 et
2229 3475 2536 3539 saliebant
2563 3496 2714 3539 om-

668 3601 816 3647 nem
850 3578 1123 3643 animam
1154 3580 1520 3643 credentem
1541 3627 1560 3654 ‚
1596 3579 1724 3643 sale
1754 3578 2023 3667 Spiritus
2053 3579 2272 3645 ssncti.
2321 3580 2489 3644 Dixit
2529 3580 2707 3645 enim

666 3685 739 3751 iis
770 3683 1078 3749 Dominus
1097 3734 1113 3758 ,
1136 3711 1161 3743 ι
1180 3682 1306 3749 Vos
1331 3684 1477 3748 estis
1511 3687 1602 3749 sal
1626 3696 1807 3750 terrae
1826 3684 1877 3759 ⁸,
1907 3715 1930 3746 n
1949 3697 2182 3752 terram
2207 3706 2438 3751 vocans
2457 3684 2705 3750 animas

736 3849 749 3873 ¹
785 3835 958 3885 Maub.
987 3850 1034 3893 v,
1072 3834 1144 3893 ¹4·
1183 3861 1238 3871 -
1263 3849 1280 3871 ⁸
1310 3833 1434 3883 ibid.
1471 3837 1544 3896 ιδ,
1579 3836 1650 3885 16.
1687 3864 1747 3876 --
1769 3838 1896 3887 ³16.
1920 3854 1988 3894 vi,
2016 3855 2103 3892 n.
2133 3836 2210 3885 23.
2240 3863 2297 3875 —
2328 3840 2348 3876 ⁴
2372 3836 2488 3885 Luc.
2516 3851 2583 3893 xi,
2605 3832 2694 3889 34.

665 3942 727 3957 -
756 3917 777 3951 ⁸
807 3914 983 3965 Maub.
1005 3930 1076 3976 vt,
1103 3930 1179 3963 υ.
1209 3939 1261 3951 —
1285 3916 1308 3949 ⁶
1332 3915 1408 3965 Id.
1435 3921 1485 3976 ν’,
1510 3915 1591 3967 13.
