2982 4885
663 484 804 574 39ss
1356 502 1404 546 s.
1456 498 1723 548 nunu
1767 497 2035 547 nomn

673 744 2720 776 mmmmmmfflmmmmmntw-mwaem

1301 944 1868 1016 OPUSCULUM
1917 942 2079 1014 vn.
2232 882 2275 927 ὖ

1288 1186 1407 1261 De
1457 1184 1779 1261 libertate
1817 1188 2096 1257 mentis.

764 1424 812 1490 1.
869 1422 1006 1489 Cum
1035 1412 1306 1487 audieris
1341 1414 1741 1487 descendisse
1772 1417 2097 1484 Christum
2130 1416 2192 1483 in
2212 1415 2462 1493 inferos,
2490 1428 2558 1483 et
2585 1419 2724 1482 de-

678 1539 880 1593 tentas
913 1525 1038 1593 illic
1064 1528 1300 1593 animas
1327 1526 1662 1601 liberasse;
1697 1548 1825 1590 non
1856 1526 2044 1615 longe
2074 1520 2303 1589 distare
2335 1523 2439 1588 illa
2472 1522 2549 1588 ab
2581 1520 2711 1599 his,

613 1626 616 1629 ¹
678 1655 818 1720 quae
841 1656 1012 1698 nunc
1034 1644 1361 1722 geruntur.
1390 1644 1563 1722 puta.
1599 1628 1817 1719 Cogita
1844 1628 2000 1695 mihi
2024 1631 2386 1750 sepulcrum
2411 1651 2548 1695 esse
2574 1649 2701 1694 eor.

676 1736 798 1803 Ibi
816 1737 1226 1826 cogitationes
1262 1748 1325 1801 et
1362 1748 1608 1800 mentes
1644 1734 1917 1800 desossas
1956 1735 2128 1824 gravi
2170 1734 2375 1801 teneri
2422 1756 2705 1824 compre-

679 1840 903 1908 hensas
940 1841 1224 1929 caligine.
1272 1840 1458 1907 Venit
1495 1840 1685 1929 igitur
1706 1840 2015 1905 Dominus
2042 1839 2120 1905 ad
2147 1841 2388 1907 animas
2414 1841 2473 1906 in
2500 1837 2708 1905 inferis

677 1940 882 2032 ipsum
917 1948 1193 2012 clamore
1228 1968 1457 2034 magno
1489 1945 1875 2021 invocantes,
1906 1946 1969 2009 in
2002 1947 2395 2034 profundum
2420 1946 2713 2012 videlicet

678 2049 885 2114 cordis
918 2042 1202 2124 advenit3
1230 2063 1293 2115 et
1316 2049 1400 2114 ibi
1425 2048 1615 2115 morti
1640 2049 1956 2141 imperans
1980 2073 1995 2115 ε
2015 2052 2310 2129 Dimitte,
2339 2044 2445 2129 ait,
2471 2055 2714 2119 clausas

673 2150 864 2223 isthic
909 2156 1178 2232 animas,
1221 2180 1325 2224 me
1355 2157 1464 2245 qui
1505 2180 1761 2247 possum
1797 2179 1903 2224 eas
1934 2158 2237 2236 liberare,
2276 2174 2347 2227 ut
2385 2162 2450 2226 id
2490 2159 2717 2225 faciam

679 2275 948 2330 orantes.
998 2258 1243 2330 Deinde
1281 2284 1536 2362 gravem
1570 2263 1845 2354 lapidem
1877 2288 2211 2331 removens
2250 2263 2717 2355 superpositum

681 2367 929 2447 animae,
962 2372 1281 2439 tumulum
1315 2370 1539 2463 aperit,
1565 2382 1653 2446 et,
1684 2392 1823 2459 quae
1852 2393 1998 2438 vere
2028 2384 2163 2438 erat
2193 2385 2464 2445 mortua,
2502 2390 2729 2435 resus—

681 2476 870 2550 citat:
912 2495 1178 2565 quaeque
1221 2461 1498 2545 obscura
1540 2477 1832 2544 custodia
1876 2481 2165 2544 conclusa
2202 2476 2532 2540 tenebatur
2573 2472 2739 2539 ani-

673 2603 852 2674 -mam
882 2581 1131 2649 liberat.

768 2677 844 2751 11.
901 2686 1223 2776 Contingit
1266 2710 1431 2786 saepe
1470 2686 1868 2755 insusurrare
1908 2681 2025 2754 tibi
2071 2681 2410 2753 Satanam
2394 2704 2462 2746 m
2494 2704 2731 2749 aurem

682 2788 914 2864 cordis,
961 2802 1024 2854 et
1071 2783 1331 2856 dicere.
1369 2790 1508 2858 Scis
1556 2806 1713 2881 quot
1743 2807 1808 2859 et
1835 2804 2069 2879 quanta
2102 2787 2476 2908 perpetrasti
2508 2785 2727 2853 mala?

680 2887 915 2980 repleta
950 2889 1066 2959 tibi
1096 2885 1440 2964 sceleribus
1469 2911 1571 2968 est
1600 2898 1840 2971 animan
1874 2894 2149 2983 gravaris
2182 2887 2401 2958 multis
2427 2906 2491 2959 et
2515 2892 2720 2959 soedis-

682 2991 852 3061 simis
895 2997 1192 3086 peceatis.
1247 2995 1389 3071 Non
1441 3017 1505 3070 te
1544 3005 1754 3069 lateat
1787 3008 2227 3083 suggerentem
2274 2996 2429 3062 talia
2481 2999 2719 3063 malum

665 3087 1036 3172 daemonem
1079 3106 1144 3172 id
1196 3131 1402 3197 agore,
1453 3118 1525 3169 ut
1565 3118 1625 3167 te
1664 3105 1726 3165 in
1759 3097 2288 3187 desperationem,
2340 3101 2722 3169 humilitatis

637 3224 1009 3316 praetextu,
1064 3213 1414 3279 contradat.
1488 3206 1580 3269 Ex
1633 3224 1759 3290 quo
1808 3201 1981 3270 enim
2028 3210 2724 3296 pertransgressionem

680 3315 951 3404 primam
986 3317 1224 3402 irrepsit
1257 3313 1321 3376 in
1351 3308 1673 3375 hominem
1718 3307 1995 3383 malitia,
2028 3303 2192 3374 liber
2227 3312 2430 3385 aditus
2465 3312 2730 3379 diabolo

683 3413 864 3485 datus
894 3432 984 3482 est
1015 3421 1092 3484 ad
1125 3413 1397 3479 animam
1430 3412 1716 3502 quotidie
1750 3410 2227 3504 alloquendam,
2272 3429 2342 3481 ut
2373 3416 2570 3482 homo
2596 3416 2737 3483 ho-

575 3591 580 3594 ,
679 3513 910 3586 minem
942 3532 1004 3582 et
1036 3513 1115 3582 ad
1144 3505 1350 3583 eidem
1385 3521 1775 3609 suggerenda
1808 3513 2101 3588 absurda.
2153 3519 2482 3614 Responde
2519 3520 2740 3607 igitur

645 3621 769 3714 filli
799 3634 867 3687 tu
892 3645 907 3687 ε
932 3620 1052 3688 «At
1072 3621 1281 3690 habeo
1306 3615 1572 3717 scriptas
1599 3628 2085 3698 asseverationes
2112 3627 2226 3692 Dei
2253 3622 2464 3690 aientis
2496 3645 2511 3686 ε
2548 3620 2739 3692 ΝοΙο

669 3737 706 3788 ἰ
724 3741 993 3796 mortem
1018 3724 1408 3820 peccatoris3
1443 3735 1555 3798 sed
1578 3744 1648 3796 ut
1673 3745 2078 3800 convertatur
2105 3754 2220 3821 per
2240 3727 2728 3821 poenitentiam,

680 3847 787 3904 »et
814 3835 1036 3904 νῖν-αι’.
1067 3835 1325 3920 »Quam
1361 3838 1530 3905 enim
1565 3837 1751 3904 aliam
1779 3839 1990 3929 potuit
2016 3831 2254 3952 hahere:
2286 3859 2545 3904 causam
2572 3836 2735 3901 des-

757 4033 773 4058 ·
801 4011 979 4073 Enoch.
1005 4033 1188 4074 xxxm.
1216 4033 1294 4069 11.
