2982 4885
1076 560 1085 571 ,
1123 507 1377 557 nomn
1429 507 1511 555 nr.
2272 494 2355 571 45

304 621 617 714 judicium
653 621 936 690 divinum
983 624 1122 693 illos
1153 627 1406 716 penitus
1452 623 1846 714 consumpsit
1874 636 1942 692 et
1981 606 2211 695 delevit
2234 677 2253 706 ,
2287 641 2353 697 et
2401 632 2408 643 “

308 730 486 818 aquis
511 730 771 796 obrutos
802 752 883 795 ne
907 728 1028 796 hac
1059 731 1320 819 quidem
1350 731 1477 797 vita
1507 731 1801 820 dignatus
1838 742 1954 796 est.

390 834 629 901 XXIII.
683 835 926 901 Eodem
943 838 1137 903 modo
1166 840 1441 926 populus
1465 837 1682 912 Israe'l,
1712 849 1786 902 ut
1817 835 2192 926 praedictum
2216 849 2339 917 est,
2385 860 2398 881 ¹

304 964 452 1009 cum
487 943 704 1039 multis
735 943 1175 1031 iniquitatibus
1206 955 1269 1008 et
1300 942 1579 1033 peccatis
1610 966 1676 1009 se
1712 945 2062 1032 pollueret,
2098 944 2344 1010 interfi-

301 1048 474 1114 ciens
511 1045 863 1137 Prot-{has
894 1049 1052 1127 Dei,
1090 1062 1155 1116 et
1184 1051 1300 1116 alia
1335 1049 1617 1116 facinora
1651 1048 1897 1116 infinita
1927 1062 2295 1140 perpetrans
2315 1100 2334 1129 ,

301 1153 447 1240 quia
479 1153 652 1219 Deus
683 1152 1047 1241 quiescens,
1080 1167 1146 1221 et
1186 1155 1439 1221 illorum
1480 1154 1919 1244 poenitentiam
1962 1168 2296 1245 expectans
2317 1204 2336 1233 ,

294 1259 554 1326 leuitate
578 1261 776 1326 multa
806 1261 1133 1338 utebatur,
1161 1263 1420 1327 tandem
1446 1261 1531 1326 ita
1571 1273 1945 1350 peccarunt,
1973 1273 2048 1327 ut
2077 1262 2336 1328 contriti

299 1387 430 1445 non
475 1366 933 1434 resurrexerint
959 1392 978 1444 ς
1021 1366 1333 1454 siquidem
1382 1366 1446 1432 in
1504 1365 1890 1432 dominicam
1937 1365 2340 1454 majestatem

297 1490 526 1535 manus
567 1470 938 1557 injecerant.
986 1471 1303 1550 Quocirca
1347 1470 1412 1536 in
1445 1481 1825 1558 perpetuum
1863 1470 2095 1535 deserti
2131 1493 2206 1537 ac
2233 1493 2339 1536 re-

299 1572 454 1659 jecti
476 1586 651 1648 sunt,
683 1586 748 1638 et
777 1575 986 1638 ablata
1022 1573 1100 1636 ab
1134 1573 1253 1637 illis
1278 1585 1373 1638 est
1395 1573 1756 1659 prophetia,
1788 1574 2238 1649 sacerdotium,
2273 1588 2339 1640 et

301 1680 515 1743 cultus
551 1676 693 1752 Dei,
728 1689 795 1742 et
824 1678 1145 1743 datasunt
1169 1697 1242 1740 ea
1265 1675 1558 1764 gentibus
1591 1676 2026 1751 credentibus,
2051 1677 2216 1743 sicut
2249 1680 2338 1765 ait

293 1783 651 1850 Dominus:
703 1809 729 1842 ι
760 1781 1105 1848 Auferetur
1142 1804 1177 1848 a
1214 1780 1393 1846 vobis
1434 1802 1700 1869 regnum
1723 1830 1743 1858 ,
1779 1792 1845 1846 et
1875 1780 2130 1847 dabitur
2163 1784 2335 1872 genti

293 1916 319 1951 ι
338 1888 581 1955 fructus
613 1888 751 1977 ejus
780 1887 1041 1954 facienti
1072 1886 1118 1953 ¹.
1158 1914 1184 1949 ι
1220 1886 1543 1953 Hactenus
1574 1886 1743 1952 euim
1781 1886 2162 1954 sustinuerat
2192 1889 2334 1956 illos

292 1992 490 2068 Deus,
515 2017 633 2060 nec
667 1993 1037 2059 destituerat
1061 1992 1199 2057 illos
1230 2015 1309 2057 ex
1331 1991 1571 2057 intimis
1593 1990 1939 2058 visceribus
1962 2015 2186 2058 eorum
2216 1996 2330 2060 mi-

284 2112 508 2167 sertus.
556 2100 874 2180 Quoniam
924 2109 1139 2164 autem
1181 2090 1609 2186 impleverunt
1654 2096 1996 2163 terminum
2034 2099 2325 2188 peccati,

280 2202 407 2270 imo
424 2204 716 2271 manibus
741 2203 1076 2270 dominicae
1105 2202 1422 2288 majestati
1456 2202 1710 2291 injectis
1733 2203 2104 2293 transgressi
2138 2216 2317 2281 sunt,

283 2308 349 2374 in
381 2322 765 2398 perpetuum
790 2333 824 2373 a
850 2310 985 2373 Deo
1016 2319 1163 2372 sunt
1192 2308 1448 2374 deserti.

370 2410 611 2481 XXIV.
648 2411 991 2481 caeterum.
1018 2409 1252 2483 dilecti,
1269 2411 1410 2475 haec
1444 2409 1757 2498 copiosius
1782 2412 2216 2491 disseruimus,
2244 2438 2324 2484 ex

285 2517 480 2583 sacris
509 2513 765 2581 Litteris
799 2522 1180 2586 astruentes,
1224 2522 1522 2600 oportere
1553 2533 1669 2577 nos
1698 2516 1981 2588 contet-ti
2012 2518 2276 2585 celerius
2297 2566 2317 2594 ,

283 2634 353 2687 et
379 2620 676 2687 festinare
698 2620 777 2685 ad
804 2615 1148 2685 Dominum
1172 2666 1190 2693 ,
1217 2616 1328 2704 qui
1361 2619 1711 2683 clementer
1741 2630 2036 2708 expectat
2071 2643 2219 2698 nos,
2255 2635 2320 2689 ct

285 2729 364 2794 ab
412 2725 583 2794 omni
617 2726 924 2816 pravitate
954 2737 1021 2791 et
1050 2724 1606 2813 praeoccupatione
1638 2726 1805 2790 mala
1852 2726 2102 2815 penitus
2133 2751 2322 2816 ‚rece-

283 2835 503 2900 dentes
531 2855 762 2922 magno
787 2854 934 2899 cum
958 2831 1189 2921 gaudio
1213 2829 1439 2918 recipit
1457 2878 1475 2904 ,
1514 2850 1593 2896 ne
1618 2839 2004 2919 exaugeatur
2034 2832 2100 2897 in
2129 2834 2317 2901 nobis

279 2949 682 3028 contemptus
718 2940 797 3004 de
819 2937 923 3003 die
946 2936 1010 3001 iu
1035 2936 1230 3008 diem,
1264 2947 1330 3000 et
1353 2948 1612 3023 peccata
1638 2938 1961 3002 cumulata
1994 2936 2057 3001 in
2079 2959 2196 3003 nos
2219 2962 2314 3004 re-

278 3046 605 3118 dundent,
633 3053 698 3108 et
729 3041 811 3107 ob
858 3041 924 3106 id
955 3040 1112 3106 iram
1145 3038 1419 3106 divinam
1462 3039 1646 3105 nobis
1692 3040 1839 3128 ipsis
1883 3062 2302 3112 accersamus.
2387 3032 2405 3044 ⁶

279 3147 522 3213 Demus
554 3145 742 3234 igitur
760 3168 1043 3235 operam,
1071 3157 1143 3211 ut
1173 3142 1459 3211 conversi
1483 3166 1632 3210 cum
1660 3167 1813 3210 vero
1839 3149 2031 3213 corde
2054 3150 2136 3214 ad
2157 3171 2306 3216 eum

280 3253 657 3317 accedamus
677 3299 697 3326 ,
739 3273 869 3317 non
903 3252 1307 3339 desperantes
1342 3252 1422 3316 de
1455 3251 1662 3316 salute
1699 3250 1721 3336 (
1752 3253 1925 3338 quod
1955 3254 2211 3319 malitiae
2243 3267 2310 3320 et

272 3356 601 3445 pravitatis
624 3356 948 3446 proprium
968 3360 1097 3440 est)
1123 3379 1239 3445 per
1260 3356 1768 3424 recordationem
1785 3358 2308 3444 praevenientium

258 3473 722 3549 peccatorum,
757 3482 896 3547 quae
926 3460 1251 3527 hominem
1281 3464 1361 3527 ad
1404 3461 1910 3551 desperationem
1931 3509 1951 3538 ,
1988 3464 2068 3527 ad
2102 3485 2311 3530 socor-

276 3568 478 3642 diam,
514 3565 594 3631 ad
615 3565 1060 3654 negligentiam
1081 3612 1099 3639 ,
1137 3576 1202 3628 et
1234 3568 1313 3628 ad
1344 3567 1672 3654 segnitiem
1706 3567 1999 3655 adigunt,
2035 3590 2116 3632 ne
2147 3591 2306 3635 con-

275 3693 489 3738 versus
510 3675 593 3740 ad
627 3672 972 3740 Dominum
998 3673 1285 3745 accedat,
1319 3680 1383 3735 et
1401 3672 1622 3741 salutis
1644 3673 1960 3762 particeps
1984 3672 2117 3754 fiat,
2154 3698 2303 3741 cum

273 3789 494 3843 tamen
526 3799 769 3845 summa
797 3776 1153 3866 benignitas
1189 3774 1404 3865 generi
1434 3773 1713 3842 humano
1751 3801 1784 3845 a
1815 3778 1951 3848 Deo
1984 3781 2303 3869 proposita

272 3881 372 3950 sit.

342 4029 359 4055 ¹
391 4014 581 4070 nauh.
602 4027 713 4077 xm,
734 4013 816 4074 4¹·
