2982 4885
1019 595 1098 639 un
1147 594 1529 639 enlm-run.
2172 571 2299 663 377

279 710 519 776 nimode
547 709 663 775 Dei
701 708 962 797 Spiritui
998 710 1386 774 cohaercntes
1417 710 1530 798 ipsi
1569 709 1818 774 Christo
1849 710 2293 789 assimilantur,

278 815 524 880 virtutes
576 814 844 902 Spiritus
895 814 1322 880 immutabiles
1371 813 1436 878 in
1495 838 1562 878 se
1622 813 1770 901 ipsis
1821 814 2124 880 habentes
2152 842 2171 890 ;
2233 828 2298 881 et

273 917 501 983 fructus
546 918 618 983 iis
665 930 1121 983 consentaneos
1162 919 1410 984 cunctis
1463 917 1853 982 exhibentes.
1913 920 2079 983 Fieri
2127 921 2297 985 enim

272 1026 514 1111 nequit,
558 1036 660 1098 ut,
701 1048 847 1090 cum
882 1024 1049 1089 intus
1080 1025 1196 1113 ipsi
1236 1025 1541 1112 inculpati
1575 1036 1639 1088 et
1676 1022 1816 1109 puri
1849 1046 1962 1111 per
1995 1025 2297 1111 Spiritum

269 1129 467 1196 effecti
509 1131 657 1206 sint,
697 1131 942 1195 fructus
977 1143 1150 1195 extra
1181 1131 1435 1195 malitiae
1468 1127 1794 1217 proferant
1820 1153 1839 1203 3
1876 1131 1985 1193 sed
2020 1130 2191 1193 omni
2224 1153 2299 1196 ex

267 1247 437 1320 parte
469 1258 584 1322 per
620 1234 831 1300 omnia
862 1236 1106 1299 fructus
1136 1235 1200 1300 in
1231 1235 1306 1299 iis
1339 1233 1611 1321 Spiritus
1643 1235 1913 1298 elucent.
1954 1224 2119 1299 Talis
2148 1259 2299 1324 pro-

266 1339 459 1405 sectus
490 1354 585 1406 est
614 1341 951 1429 spiritualis
991 1341 1489 1429 perfectionisn
1518 1339 1932 1404 plenitudinis
1965 1340 2220 1415 Christi,
2257 1369 2282 1401 ι

264 1445 328 1509 in
359 1470 546 1532 quam
578 1468 915 1510 occurrere
949 1470 1064 1510 nos
1095 1448 1433 1541 Apostolus
1464 1446 1839 1510 adhortatur
1869 1446 2089 1511 dicens
2122 1470 2137 1509 z
2162 1473 2186 1504 α
2220 1449 2300 1511 Ut

261 1548 692 1636 »impleamini
725 1549 791 1612 in
823 1571 1078 1613 omnem
1106 1550 1568 1639 plenitudinem
1599 1549 1853 1614 Christi.
1886 1549 1966 1613 Et
1996 1572 2284 1622 ται-θυεμ

279 1653 539 1718 «Donec
571 1673 981 1719 occurramus
998 1656 1060 1719 in
1078 1656 1285 1721 virum
1305 1655 1656 1744 perfectum
1687 1656 1750 1720 in
1774 1676 2139 1720 mensuram
2160 1666 2302 1719 aeta-

263 1757 382 1822 »tis
414 1758 821 1848 plenitudinis
848 1759 1080 1845 Christi
1111 1760 1159 1825 ¹.
1210 1787 1235 1819 ι

347 1862 507 1927 V111.
541 1863 650 1926 Est
680 1864 958 1950 quando,
993 1864 1180 1929 simul
1212 1887 1284 1928 ac
1317 1864 1543 1952 incipit
1566 1865 1791 1952 aliquis
1815 1883 1990 1952 genu·
2012 1863 2294 1937 flectere,

258 1968 512 2054 plenum
552 1968 702 2033 huic
741 1983 999 2059 repente
1050 1971 1258 2036 divina
1289 1971 1657 2057 operatione
1703 1970 1775 2034 fit
1806 1992 1955 2045 cor:
1991 1982 2056 2034 et
2088 1969 2296 2033 anima

256 2072 731 2140 condelectatur
765 2076 1073 2150 Domino,
1118 2075 1197 2140 ad
1233 2077 1431 2141 instar
1453 2125 1471 2150 ,
1511 2088 1584 2140 ut
1616 2076 1859 2142 dictum
1891 2087 2023 2150 est,
2052 2095 2295 2162 sponsae

257 2198 401 2243 cum
434 2203 685 2268 sponso.
724 2182 859 2246 Hoc
904 2206 1170 2269 magnus
1207 2183 1364 2247 dicit
1403 2182 1632 2245 Isaias:
1662 2208 1687 2241 α
1719 2182 1865 2262 Quo
1896 2181 2066 2245 enim
2100 2180 2293 2245 modo

254 2285 530 2367 »gaudet
574 2306 841 2370 sponsus
886 2306 1073 2369 super
1119 2306 1411 2369 sponsam
1439 2332 1456 2355 ,
1504 2284 1943 2368 sicgaudebit
1987 2283 2295 2347 Dominus

256 2406 489 2471 »super
519 2396 581 2450 te
619 2386 666 2450 ².
711 2386 868 2450 »Est
898 2386 1125 2459 etiam,
1160 2387 1415 2472 quando
1464 2385 1775 2472 contingit
1817 2386 2118 2472 occupari
2152 2387 2295 2470 qui-

255 2490 401 2554 dem
437 2492 621 2556 talem
661 2503 789 2555 tota
828 2492 962 2565 die;
996 2515 1119 2557 una
1157 2505 1368 2556 autem
1400 2492 1512 2556 ubi
1542 2515 1608 2555 se
1641 2491 1808 2556 idem
1842 2490 1996 2555 hora
2028 2489 2295 2554 orationi

252 2595 649 2682 permiserit,
698 2595 942 2683 rapitur
993 2598 1070 2661 ab
1125 2597 1258 2684 ipsa
1304 2596 1567 2661 interior
1622 2596 1847 2671 homo,
1895 2607 1957 2660 et
1988 2595 2296 2659 immenso

253 2700 566 2786 profundo
604 2701 768 2765 illius
816 2701 1028 2766 saeculi
1072 2702 1266 2767 futuri
1293 2714 1561 2768 tenetur
1602 2701 2115 2790 comprehensus.
2159 2700 2298 2765 Ob-

253 2803 446 2869 lectat
486 2818 697 2872 autem
744 2806 952 2893 ipsum
996 2831 1222 2873 arcana
1260 2821 1324 2872 et
1366 2808 1701 2874 ineffabilis
1734 2808 2057 2894 voluptas,
2108 2807 2193 2871 ita
2225 2819 2297 2872 ut

250 2929 431 2973 mens
471 2911 731 2998 quidem
779 2913 1189 3002 obstupescat
1239 2926 1370 2979 tota
1429 2935 1767 3001 suspensa,
1816 2926 1889 2977 et‘
1919 2913 1981 2976 in
2026 2913 2298 2977 sublime
2349 2968 2364 2986 ,

249 3025 425 3100 rapta
453 3039 471 3088 3
513 3015 875 3102 oblivioque
918 3017 1178 3083 internis
1210 3017 1500 3082 sensibus
1531 3019 1835 3105 subrepat
1872 3029 2138 3082 terrenae
2170 3016 2296 3081 hu-

247 3116 354 3203 jus
379 3121 597 3184 mundi
634 3122 993 3210 sapientiae:
1036 3136 1257 3213 utpote
1288 3124 1545 3211 repletis
1579 3123 1696 3212 ipsi
1728 3121 1983 3210 objecto
2022 3119 2289 3209 digniori

248 3222 760 3310 cogitationibus,
803 3239 871 3291 ut
909 3227 1149 3293 dictum
1182 3243 1278 3293 est
1300 3277 1316 3304 ,
1352 3242 1418 3294 et
1447 3227 1711 3317 captivis
1743 3230 1969 3316 procul
1992 3226 2293 3294 abducti*

247 3332 779 3419 contemplatione
799 3331 1187 3398 infinitarum
1206 3347 1268 3398 et
1286 3333 2027 3422 incomprehensibilium
2047 3352 2259 3393 rerum
2269 3354 2288 3402 ς

244 3447 317 3498 ut
354 3435 416 3500 in
449 3437 551 3500 illa
582 3438 737 3501 hora
779 3460 890 3523 per
921 3440 1273 3504 ursionem
1312 3440 1558 3502 homini
1599 3437 1887 3510 accidat,
1935 3436 2187 3499 evolare
2215 3434 2295 3499 si·-

246 3544 380 3606 mnl
408 3564 555 3604 cum
588 3542 874 3605 oratione
906 3540 1101 3626 ipsius
1135 3541 1435 3604 animam.

333 3644 448 3707 IX.
501 3645 601 3708 Ad
643 3645 1137 3728 interrogantem
1184 3652 1397 3705 antem
1433 3664 1449 3704 t
1486 3663 1566 3705 an
1599 3644 1899 3729 possibile
1930 3642 2179 3712 homini
2212 3642 2292 3709 sit

245 3746 311 3810 in
353 3769 430 3810 eo
461 3769 711 3832 semper
742 3760 907 3812 statu
945 3749 1218 3811 duram?
1250 3747 1339 3811 sic
1377 3748 1894 3836 respondendum
1927 3760 2028 3812 est
2060 3773 2076 3812 :
2121 3749 2292 3814 Nun-

244 3872 436 3938 quam
459 3850 713 3938 quidem
745 3852 1006 3938 gratiam
1041 3874 1169 3916 non
1192 3852 1393 3917 inesse
1414 3901 1432 3927 ,
1459 3864 1526 3916 et
1550 3874 1676 3916 non
1700 3852 1954 3939 penitus
1985 3852 2280 3930 radicari,

242 3957 421 4045 quasi
450 3959 909 4023 coalescentem
953 3959 1019 4022 in
1054 3971 1345 4024 naturam
1381 3957 1853 4024 unam‘homini
1889 3958 1955 4026 in
1998 3981 2127 4047 quo
2159 3972 2283 4034 est..

313 4107 326 4130 ¹
361 4092 541 4158 Ephes.
570 4106 650 4152 m,
680 4109 757 4158 19,
784 4102 833 4146 et
858 4110 926 4155 ir,
963 4093 1032 4143 ιζ’».
1065 4121 1123 4133 --
1154 4106 1174 4130 ·
1202 4094 1314 4145 lsai.
1339 4110 1458 4145 ιιιι.
