2982 4885
528 535 662 607 308
874 612 882 621 ,
1206 547 1255 590 s.
1312 537 1576 589 uacum
1619 535 1889 584 aarum

525 693 752 766 porro,
793 665 904 758 qui
949 664 1159 732 animo
1212 660 1672 751 angustiantur,
1712 656 1865 722 dicit
1898 646 2565 743 ScripturatoeFidelis

535 809 562 843 ι
580 782 774 853 Deus,
796 774 906 864 qui
931 795 1058 839 non
1075 769 1353 860 patietur
1368 789 1476 832 vos
1497 762 1720 830 tentari
1746 785 1932 852 supra
1948 760 2011 825 id
2023 758 2195 848 quod
2231 756 2495 845 potestis
2508 755 2558 823 ¹.

530 913 559 947 ι
578 884 707 965 Qui
744 893 954 947 autem
989 876 1293 943 indociles
1309 884 1481 947 sunt,
1519 869 1608 934 eis
1630 876 1971 950 occurrent
1997 860 2224 929 mala².
2254 889 2280 922 ι

619 986 725 1055 Vl.
759 985 938 1050 Sicut
968 979 1308 1049 exteriores
1354 973 1524 1041 oculi
1562 975 1748 1061 longe
1806 968 2204 1059 prospiciunt
2254 966 2461 1054 spinas
2497 979 2568 1032 et

532 1091 917 1185 praecipitia:
953 1088 1043 1154 sic
1062 1097 1125 1150 et
1149 1083 1277 1150 acri
1300 1076 1672 1172 providendi
1696 1073 2083 1167 perspicacia
2112 1070 2370 1160 praedita
2385 1092 2564 1136 mens

536 1197 665 1263 cito
707 1192 1010 1285 prospicit
1065 1186 1434 1255 adversariae
1475 1181 1803 1273 potestatis
1848 1192 2014 1245 artes
2048 1177 2463 1265 insidiasque,
2496 1197 2569 1240 ac

418 1337 430 1347 ν
539 1314 763 1368 contra
778 1323 883 1364 eas
913 1294 1251 1386 praemunit
1282 1291 1581 1364 animam,
1616 1286 1801 1374 cujus
1833 1297 1928 1351 est
1958 1285 2200 1350 oculus.

628 1405 764 1472 Vn.
806 1397 1511 1470 ContentIone⁴multa,
1559 1405 1624 1458 et
1665 1391 1927 1468 labore,
1981 1412 2186 1477 eoque
2224 1389 2471 1454 occulto
2504 1399 2570 1452 et

546 1508 877 1584 invisibili,
924 1518 1020 1573 est
1055 1527 1215 1595 opus
1245 1501 1311 1568 in
1341 1498 1734 1567 scrutatione
1761 1496 2218 1586 cogitationum
2247 1492 2534 1558 facienda
2556 1537 2573 1564 ,

550 1614 703 1680 etin
748 1611 1064 1680 hebetatis
1089 1607 1379 1679 «Animae
1409 1617 1637 1672 nostras
1665 1604 1953 1669 sensibus
1986 1598 2309 1672 acuendis,
2351 1592 2584 1662 exerci-

547 1748 576 1782 ι
596 1721 929 1807 taudisque
942 1717 1023 1782 ad
1036 1713 1479 1780 discretionem
1499 1708 1654 1772 boni
1678 1720 1741 1772 et
1768 1705 1917 1770 mali
1934 1704 2019 1769 ’.ι
2039 1705 2306 1790 Oportet
2325 1698 2585 1765 omnino

549 1828 1000 1906 undecumque
1025 1815 1404 1902 exsuscitare
1433 1824 1667 1876 conatu
1700 1809 1932 1873 mentis
1966 1810 2048 1872 ad
2083 1807 2291 1870 Deum
2324 1805 2393 1869 se
2428 1803 2592 1869 inci-

558 1925 781 1998 tantis,
835 1922 1157 1986 debilitata
1214 1918 1437 1982 animae
1494 1914 1782 1982 membra
1818 1934 1834 1975 :
1869 1920 2086 1976 mente
2159 1917 2375 1973 nostra
2440 1930 2601 1973 cum

552 2025 807 2097 Domini
863 2022 1180 2107 adjutorio
1231 2041 1479 2107 semper
1525 2039 1642 2082 nos
1705 2025 2093 2105 provocante
2120 2062 2138 2088 ,
2180 2024 2253 2077 ut
2297 2033 2451 2077 cum
2484 2011 2594 2077 illo

562 2133 994 2198 coalescamus
1012 2155 1038 2188 α
1061 2127 1135 2192 In
1157 2147 1359 2191 unum
1383 2121 1678 2212 spiritum
1692 2120 1712 2154 ⁴
1734 2169 1753 2195 ,
1773 2147 1798 2180 ι
1834 2119 2010 2206 juxta
2037 2117 2368 2182 oraculum
2390 2115 2582 2181 Pauli.

557 2221 698 2303 Hoc
734 2246 945 2300 autem
970 2245 1292 2298 certamen
1318 2229 1673 2299 occultum,
1705 2236 1770 2289 et
1803 2221 2282 2288 meditationem
2310 2219 2588 2294 Domini,

563 2362 647 2408 nc
669 2340 953 2417 laborem
970 2338 1081 2403 diu
1098 2348 1421 2422 noctuque
1441 2353 1701 2398 necesse
1732 2342 1827 2394 est
1843 2350 1960 2419 nos
1984 2327 2224 2392 habere
2239 2325 2317 2391 ad
2345 2346 2597 2400 omnem

568 2447 916 2513 studiosam
978 2439 1418 2509 executionem
1461 2434 1744 2503 mandati
1784 2431 2596 2523 praescribentissquippiam

594 2547 1082 2623 siveorantibus,
1100 2547 1229 2612 sive
1256 2542 1762 2617 comedentibus,
1777 2540 1904 2605 sive
1917 2537 2442 2612 ministrantibus,
2472 2535 2598 2599 sive

576 2654 972 2725 bibentibuS,
990 2651 1120 2737 sive
1138 2650 1311 2714 aliud
1325 2647 1573 2734 quidvis
1599 2645 1952 2735 agentibus,
1983 2656 2053 2709 ut
2071 2642 2512 2731 quodcumque
2530 2637 2604 2705 fit

578 2759 1019 2848 opusbonum,
1038 2753 1101 2817 in
1131 2752 1249 2818 Dei
1265 2751 1531 2839 gloriam
1562 2749 1692 2816 fiat.
1726 2748 2354 2817 Sanctificaturenim
2376 2759 2605 2813 totase-

583 2865 709 2931 ries
734 2861 1204 2945 mandatorum,
1229 2869 1295 2922 et
1326 2878 1484 2945 pure
1508 2856 1915 2944 perfecteque
1959 2877 1993 2921 a
2024 2855 2209 2921 nobis
2254 2851 2605 2924 executioni

589 2970 862 3036 traditur
878 2987 992 3053 per
1006 2962 1466 3029 indesinentem
1481 2962 1857 3078 memoriae
1883 2960 2028 3036 Dei,
2053 2982 2286 3050 perque
2313 2956 2603 3020 timorem

586 3086 657 3140 et
689 3068 1061 3145 charitatem
1091 3089 1236 3158 erga
1264 3067 1507 3143 Deum3
1538 3090 1653 3155 per
1680 3067 1814 3133 haec
1846 3066 2017 3131 enim
2047 3088 2158 3132 nos
2189 3058 2606 3149 disjungimus

590 3177 982 3266 seorsimque
1016 3176 1301 3242 locamus
1338 3172 1416 3236 ab
1452 3193 1568 3248 eo,
1603 3170 1712 3257 qui
1753 3171 1981 3258 polluit
2012 3172 2306 3238 mandata
2332 3165 2470 3232 Dei.

679 3281 846 3349 VIII.
891 3279 1143 3348 Etenim
1181 3274 1540 3366 patriarcha
1571 3273 1892 3340 Abraham
1921 3300 1958 3342 e
1986 3273 2280 3365 primitiis
2302 3267 2613 3337 sacerdoti

585 3385 1202 3460 DeiMelchisedech
1226 3382 1457 3450 obtulit
1468 3406 1487 3459 ς
1516 3393 1580 3447 et
1611 3380 1700 3448 sic
1730 3383 2241 3449 benedictionem
2272 3377 2512 3467 accepit
2531 3374 2611 3442 ab

587 3494 760 3584 ipso⁶
781 3518 802 3569 3
827 3520 853 3555 ι
878 3491 1032 3580 quid
1053 3510 1203 3555 vero
1219 3486 1390 3554 aliud
1402 3511 1518 3578 per
1547 3488 1682 3554 haec
1708 3487 2046 3554 adumbrat
2060 3486 2376 3577 Spiritus?
2406 3480 2616 3547 Subli·

583 3596 776 3689 miori
803 3595 1103 3662 nimirum
1125 3593 1538 3684 intelligentia
1563 3594 1917 3683 significare
1935 3597 2097 3672 vult,
2120 3594 2335 3681 utique
2366 3605 2615 3655 summa

586 3715 654 3768 et
678 3701 923 3776 intima,
958 3699 1260 3769 verticem
1285 3712 1351 3767 et
1379 3722 1517 3766 ossa
1549 3699 1741 3765 totius
1765 3700 2193 3765 concretionis
2225 3708 2465 3764 naturae
2479 3712 2620 3757 nos-

587 3812 741 3886 trae3
773 3806 897 3875 hoc
926 3820 1061 3886 est,
1101 3807 1303 3900 ipsam
1332 3818 1652 3882 mentem,
1685 3805 1885 3894 ipsam
1909 3805 2396 3882 conscientiam,
2423 3802 2622 3891 ipsam

653 3974 674 4001 ¹
707 3978 731 4014 ι
759 3962 880 4014 cot.
902 3978 954 4021 x,
978 3963 1175 4017 1³.-·
1194 3962 1351 4017 Dent.
1369 3974 1512 4024 nn,
1537 3976 1619 4029 ⁸⁹·
1641 3985 1704 4011 -ι-
1726 3957 1998 4022 ’Heln-v,
2027 3958 2191 4020 nku-
2215 3960 2238 4002 ⁴
2262 3970 2285 4011 ι
2307 3950 2429 4010 Gor.
2449 3964 2621 4016 vx,¹7·

584 4071 649 4087 -
674 4047 697 4085 Ι
718 4046 847 4105 Gen.
868 4059 971 4108 ειν,
999 4044 1076 4099 18.
