2982 4885
687 461 821 533 556
1485 478 1535 561 ‚⁸⁶
1586 466 1942 524 rmum-au

690 598 876 667 cham
908 595 1131 684 quinta
1160 602 1257 658 est
1275 592 1603 681 generatio
1627 643 1645 668 ,
1680 593 1824 659 anni
1856 614 1995 659 uxi..
2033 592 2113 658 Et
2144 594 2223 659 ab
2253 592 2591 664 Abraham
2626 597 2741 666 usss

687 727 813 794 que
851 704 931 768 ad
960 702 1202 768 Mosem
1228 714 1470 787 septem
1495 700 1972 787 generationes,
2009 700 2158 765 anui
2193 724 2511 779 ccccxxx,
2548 720 2618 772 ut
2652 709 2733 772 ait

686 809 911 876 beatus
944 808 1283 894 Apostolus
1307 805 1325 838 ¹
1370 828 1385 869 :
1428 817 1495 869 et
1528 828 1562 870 a
1602 805 1774 870 Mose
1810 827 2012 890 usque
2050 806 2131 869 ad
2166 806 2426 885 Samuel
2449 811 2729 896 judicem

557 987 570 1002 ‚
687 914 915 981 ncx'x1x
943 911 1090 977 anni
1119 934 1135 975 :
1179 922 1242 975 et
1282 933 1316 973 a
1348 910 1604 974 Samue'l
1638 922 1700 973 et
1726 908 1927 972 David
1964 930 2165 995 usque
2197 914 2279 975 ad
2300 914 2729 1001 captivitatem

686 1016 1135 1084 Judaeorumin
1159 1014 1412 1080 Perside
1445 1014 1589 1078 anni
1622 1037 1781 1102 peno
1816 1036 1888 1078 n:
1918 1027 1982 1077 et
2006 1038 2039 1076 a
2062 1015 2423 1102 captivitate
2439 1020 2732 1105 usquead

687 1123 942 1193 Domini
973 1122 1169 1187 nostri
1187 1121 1614 1211 praeseutiam,
1635 1120 1783 1185 anni
1812 1142 1979 1208 pene
2009 1144 2087 1194 n:
2122 1133 2189 1185 et
2218 1122 2370 1187 inde
2402 1148 2437 1188 a
2460 1124 2729 1190 Domino

692 1251 894 1316 usque
927 1250 1098 1293 nunc
1132 1226 1278 1292 anni
1310 1249 1585 1301 cccnxxx
1617 1226 1754 1314 (16)
1785 1228 1947 1313 plus.
1980 1225 2147 1314 Ergo
2172 1225 2225 1291 si
2256 1227 2393 1293 haec
2418 1227 2574 1294 fides
2594 1242 2733 1293 erat

695 1332 762 1398 in
793 1331 915 1398 illis
945 1331 1261 1419 prioribus
1291 1330 1527 1396 sanctis
1557 1328 1788 1394 nostris
1817 1330 2103 1418 patribus
2135 1352 2280 1415 quae
2310 1332 2373 1397 in
2393 1333 2574 1397 nobis
2605 1347 2726 1408 est,

700 1438 779 1503 ab
811 1436 933 1502 illis
962 1448 1173 1500 autem
1201 1447 1344 1499 aute
1367 1446 1464 1499 est
1495 1434 1721 1499 tradita
1756 1446 1821 1498 et
1848 1434 2187 1521 praedicata
2207 1484 2226 1510 ,
2266 1435 2329 1500 id
2351 1450 2477 1510 est,
2497 1437 2729 1511 Patris,

698 1554 766 1621 et
803 1540 991 1615 Filii,
1043 1554 1110 1606 et
1149 1540 1348 1605 sancti
1384 1538 1697 1628 Spiritus:
1732 1538 1869 1605 haec
1917 1539 2156 1627 quippe
2194 1539 2401 1604 divina
2435 1541 2729 1615 scientia,

701 1645 1024 1737 quomodo
1055 1644 1416 1734 temporalis
1447 1657 1576 1718 est,
1613 1644 1974 1731 :aquidum
2009 1644 2358 1720 aestimaut,
2390 1659 2457 1711 et
2490 1670 2621 1711 non
2655 1649 2731 1711 ab

700 1750 942 1840 origine
977 1750 1200 1815 mundi
1233 1749 1369 1815 haec
1402 1761 1547 1814 ante
1581 1748 1846 1817 scientia
1876 1748 2216 1814 christiana
2248 1752 2495 1817 cunctis
2525 1752 2735 1818 homi-

699 1857 887 1924 nibus
931 1853 1247 1929 nuntiata,
1296 1876 1437 1940 qua:
1484 1854 1548 1918 in
1594 1855 1896 1919 mandato
1945 1865 2010 1918 et
2047 1856 2189 1942 lege
2231 1854 2618 1919 manifestata
2672 1870 2739 1922 et

697 1958 1038 2049 praedicata
1085 1955 1485 2022 ostenditur?
1540 1954 1610 2021 Si
1663 1970 1878 2023 autem
1929 1958 1996 2022 in
2043 1958 2243 2021 medio
2276 1958 2579 2044 temporis
2612 1961 2737 2024 sub

700 2061 873 2131 Mose
913 2082 1029 2148 per
1064 2061 1360 2126 umbram
1399 2060 1613 2125 minus
1650 2061 1895 2147 dictum
1928 2062 2011 2127 sit
2042 2060 2319 2147 aliquid,
2346 2078 2479 2125 non
2504 2062 2739 2148 utique

701 2163 909 2231 dantis
922 2177 1060 2229 erat
1091 2164 1325 2231 invidia
1354 2164 1647 2240 Domini,
1679 2177 1991 2252 quantum
2026 2188 2152 2231 uon
2181 2164 2485 2253 capientis
2514 2165 2736 2253 populi

703 2270 961 2337 coeleste
990 2270 1395 2357 mysterium,
1411 2271 1676 2356 incapax
1695 2269 1997 2336 etdebilis
2014 2268 2373 2343 hominum,
2394 2281 2462 2335 et
2480 2292 2604 2334 non
2631 2292 2734 2332 va-

701 2374 970 2441 lentium
989 2364 1746 2441 incusabiturinfirmitas.
1777 2374 2063 2463 Denique
2080 2374 2211 2464 ipse
2228 2374 2520 2440 Christus
2529 2375 2739 2440 Domi·

703 2501 859 2556 nus,
881 2481 1060 2570 quod
1092 2493 1237 2545 ante
1267 2481 1669 2547 nuntiaverat
1698 2502 1815 2570 per
1845 2494 2096 2547 sanctos
2126 2481 2501 2569 Prophetas,
2526 2480 2654 2545 hoc
2676 2493 2738 2545 et

704 2595 927 2674 postea
957 2603 960 2608 ’
1115 2582 1277 2647 ando
1325 2596 1748 2673 praeceperat,
1799 2584 2016 2650 dicens
2050 2607 2067 2648 :
2111 2611 2136 2643 ι
2159 2585 2397 2650 Euntes
2431 2586 2739 2676 baptizate

704 2711 937 2753 »omne
991 2685 994 2688 ’
1101 2675 1239 2753 ntes
1295 2690 1362 2755 in
1413 2689 1670 2755 nomine
1707 2683 1944 2764 Patris,
1988 2701 2052 2754 et
2105 2689 2292 2765 Filii,
2354 2703 2419 2755 et
2475 2675 2739 2778 Spiritus

707 2822 733 2854 ι
752 2791 950 2857 sancti
967 2790 988 2823 ²
1008 2801 1075 2866 ς’»
1094 2807 1165 2858 ut
1189 2817 1320 2859 non
1356 2797 1562 2860 solum
1587 2794 1779 2860 fidem
1811 2794 2139 2882 pristinam
2157 2795 2235 2859 ab
2260 2794 2498 2883 origiue
2519 2795 2740 2859 mundi

707 2898 873 2965 hanc
905 2920 1043 2963 esse
1091 2900 1477 2976 declararet,
1520 2899 1934 2965 verumetiam
1966 2900 2156 2966 vitam
2190 2898 2256 2963 in
2283 2922 2401 2986 qua
2424 2921 2531 2962 nos
2552 2899 2746 2984 degi-
2788 2963 2797 2972 ,

706 3024 850 3069 mus
878 3001 1102 3079 hodie,
1140 3005 1203 3069 in
1244 3004 1730 3070 circumcisione
1765 3005 2012 3080 cordis,
2045 3027 2173 3069 non
2206 3004 2396 3069 carnis
2428 3001 2745 3087 jactantia

708 3109 1172 3197 comprobaret.
1216 3110 1448 3174 Errant
1484 3133 1637 3197 ergo
1677 3109 1945 3175 nimium
1986 3111 2095 3196 qui
2128 3106 2589 3198 generationem
2623 3107 2745 3173 ho-

704 3212 918 3290 minis,
951 3226 1058 3278 aut
1077 3237 1335 3303 pagana:
1359 3214 1666 3303 impietati
1688 3262 1706 3290 ,
1740 3227 1848 3280 aut
1869 3215 2143 3302 judaica:
2176 3214 2409 3279 audent
2428 3212 2751 3277 ascribere

609 3312 614 3318 ’
705 3317 1002 3382 vanitati:
1027 3340 1175 3382 cum
1197 3318 1490 3382 Judaeum
1516 3318 1633 3384 nisi
1654 3319 1788 3384 dies
1810 3333 2030 3386 octava
2049 3318 2421 3406 susceperit,
2449 3316 2489 3382 J
2494 3319 2751 3383 udaeum

707 3435 838 3489 n'on
860 3415 1346 3510 licetappellari,
1361 3445 1481 3488 nec
1495 3446 1809 3513 paganum
1829 3425 2137 3512 aequenisi
2154 3427 2304 3489 de'os
2321 3444 2513 3492 tanos
2537 3421 2754 3486 homi-

704 3548 852 3594 nem
875 3526 1098 3591 secisse
1131 3528 1464 3614 putaverit.
1506 3530 1675 3618 Ergo
1704 3542 1932 3595 natura
1967 3552 2182 3594 rerum
2211 3529 2346 3604 Deo
2380 3527 2754 3593 ascribenda

706 3641 825 3704 est,
856 3652 983 3696 uon
1001 3629 1186 3697 alicui
1212 3631 1446 3702 horum
1471 3635 1769 3700 vanitati:
1800 3635 2089 3701 doctrina
2113 3643 2329 3710 autem
2353 3656 2496 3720 qua:
2516 3632 2759 3698 soecun-

705 3736 815 3802 dat
834 3750 979 3825 post
1009 3750 1331 3815 naturam,
1367 3740 1419 3804 si
1459 3763 1605 3805 vera
1637 3741 1863 3824 suerit,
1898 3739 2046 3807 fidei
2077 3729 2207 3806 Dei*
2228 3740 2589 3828 copulanda
2617 3751 2715 3803 est
2737 3785 2759 3814 ,

704 3863 780 3910 ac
822 3843 1255 3914 saluberrimae
1300 3845 1584 3912 servituti
1629 3845 1987 3936 jungenda,
2026 3867 2156 3910 non
2202 3845 2513 3911 recedens
2556 3846 2639 3910 al>
2679 3866 2756 3910 ea

772 3984 790 4011 ⁸
815 3974 981 4029 Galat.
1006 3994 1085 4040 m,
1114 3995 1188 4045 ⁸7.
1214 4006 1277 4020 —
1301 3995 1323 4020 ⁸
1354 3981 1537 4041 matth.
1566 3998 1744 4038 xxviu,
1770 3997 1847 4047 ¹9·
