2982 4885
590 523 717 569 2¹2
1259 521 1317 565 -80
1372 516 1637 567 notan
1680 515 1947 566 aaron!

583 638 779 715 Vide,
829 636 1002 703 dives
1040 635 1148 723 qui
1195 630 1567 702 vendiderat
1604 636 1772 701 bona
1818 659 1966 712 sna,
2016 646 2081 702 ct
2120 635 2229 724 qui
2275 636 2618 704 tradiderat

587 766 819 833 corpus
850 765 1035 809 suum
1068 744 1148 808 ad
1180 742 1554 830 martyrium
1579 791 1596 817 ,
1628 765 1755 829 quo
1780 754 1968 830 pacto
2000 741 2355 806 ceciderit?

670 849 841 917 XVI.
896 849 1077 915 Alius
1118 848 1377 936 quidam
1417 849 1651 914 athleta
1691 870 1880 937 sagax
1908 895 1927 923 ,
1974 848 2085 935 qui
2123 849 2622 916 conservabatur

586 975 841 1019 mecum
866 950 932 1017 in
966 956 1161 1019 domo
1185 1000 1204 1029 ,
1239 973 1624 1041 mecumque
1656 974 1883 1043 preces
1911 950 2221 1027 faciebat,
2251 955 2408 1020 adeo
2437 954 2621 1019 locu-

571 1059 718 1148 ples
749 1068 886 1124 erat
908 1056 1105 1147 gratia
1126 1107 1146 1135 ,
1178 1068 1249 1124 ut
1285 1056 1452 1124 inter
1478 1060 1794 1127 orandum
1820 1057 1999 1147 juxta
2027 1080 2134 1124 me
2154 1080 2618 1149 compungere-

583 1174 707 1231 tur.
754 1163 1067 1231 Fervebat
1113 1162 1284 1230 enim
1327 1161 1394 1229 iu
1432 1163 1542 1231 illo
1587 1163 1807 1253 gratia.
1861 1163 2184 1231 Donatum
2214 1187 2468 1253 quoque
2506 1163 2624 1255 ipsi

585 1280 722 1334 erat
756 1268 994 1333 donum
1024 1267 1425 1333 sanationum
1448 1316 1466 1343 ‚
1509 1290 1633 1335 nec
1664 1269 1868 1337 solum
1895 1268 2215 1339 daemo'nes
2236 1270 2621 1358 expellebat,

585 1373 1002 1440 verumetiam
1059 1374 1306 1440 vinctos
1350 1373 1645 1441 manibus
1706 1396 1780 1441 ac
1827 1373 2101 1463 pedibus
2127 1424 2147 1452 ,
2207 1396 2279 1440 ac
2330 1373 2626 1464 gravibus

586 1481 826 1547 morbis
864 1481 1225 1548 laborantes
1255 1529 1275 1558 .
1318 1501 1433 1571 per
1463 1477 1937 1571 impositionem
1980 1502 2288 1546 manuum
2335 1477 2619 1546 curabat.

587 1584 810 1652 Postea
834 1607 985 1652 cum
1016 1584 1397 1675 negligentia
1428 1585 1788 1663 difflueret,
1823 1597 2014 1673 atque
2043 1586 2311 1675 gloriam
2341 1596 2563 1653 nactus
2594 1604 2629 1648 a

586 1688 865 1763 mundo,
905 1688 1002 1754 sui
1047 1688 1242 1774 ipsius
1273 1687 1697 1753 delectatione
1730 1701 2090 1763 teneretur,
2127 1689 2425 1777 superbia
2459 1688 2634 1755 intu-

571 1782 781 1864 muit,
827 1788 1344 1877 atque‘delapsus
1383 1800 1480 1853 est
1529 1788 1595 1855 in
1640 1788 1773 1877 ipsa
1820 1788 2311 1876 profundissima
2353 1793 2626 1879 peccati.

590 1891 747 1960 Vide
767 1938 784 1965 ,
834 1891 1004 1978 quod
1044 1888 1236 1955 etiam
1263 1889 1369 1958 ille
1393 1937 1411 1964 ‚
1454 1890 1565 1978 qui
1597 1891 1839 1956 donum
1869 1889 2270 1959 sanationum
2311 1892 2632 1973 habebat,

590 1993 932 2063 ceciderit?
967 1994 1151 2061 Vides
1175 2044 1195 2071 ,
1220 1995 1545 2084 quomodo
1580 2007 1918 2086 autequam
1951 1995 2325 2085 perveniant
2347 2000 2428 2064 ad
2446 2020 2639 2064 men-

594 2121 803 2167 suram
837 2097 1198 2177 charitatis,
1231 2099 1549 2170 labantur.
1596 2098 1726 2181 Qui
1760 2101 1933 2169 enim
1967 2099 2347 2168 charitatem
2390 2123 2639 2170 assecu-

575 2212 697 2272 tus
729 2204 1004 2272 vincitur
1038 2216 1103 2272 et
1137 2204 1517 2281 inebriatur,
1543 2204 1651 2273 hic
1675 2206 2065 2296 demergitur
2086 2214 2155 2274 et
2183 2206 2540 2296 captivatur
2567 2207 2635 2276 in

601 2310 792 2379 alium
821 2309 1134 2380 mundum
1154 2361 1173 2391 ‚
1207 2333 1281 2379 ac
1315 2307 1367 2379 si
1396 2303 1721 2401 propriam
1752 2323 2046 2379 naturam
2079 2331 2210 2377 non
2249 2312 2496 2380 sentiat.

1349 2523 1901 2582 m'rmtnooa'rlo.

689 2720 891 2793 xvn.
946 2720 1136 2805 Quid
1155 2722 1337 2787 m?-
1355 2717 1516 2801 Quae
1538 2721 1763 2788 oculus
1786 2743 1926 2789 nou
1957 2719 2144 2803 vidit,
2174 2746 2297 2795 nec
2331 2724 2501 2794 auris
2521 2747 2636 2794 au-

605 2855 633 2894 »
651 2828 838 2905 divit,
869 2826 1071 2895 necin
1101 2848 1216 2892 cor
1243 2823 1521 2893 hominis
1553 2828 2030 2898 ascenderunt¹.
2061 2855 2088 2894 ι

1434 3044 1828 3105 nesronsm.

695 3253 812 3320 mo
849 3261 1138 3341 tempore
1172 3255 1533 3339 magnates.
1571 3246 1762 3338 justi,
1800 3268 2014 3340 reges,
2050 3263 2116 3318 et
2155 3249 2484 3340 Prophetae
2515 3247 2635 3338 (5),

579 3371 942 3424 -ventnrum
1005 3380 1142 3422 esse
1205 3353 1593 3420 Salvatorem
1644 3370 1950 3423 noverant
1986 3379 2370 3446 :passurum
2427 3368 2639 3421 autem

597 3481 781 3537 ease,
816 3458 1321 3549 crucifigendum
1348 3509 1364 3534 ,
1406 3482 1478 3526 ac
1506 3462 1873 3551 sanguinem
1899 3462 2306 3552 p'rol'usurum
2346 3462 2407 3525 in
2444 3481 2643 3524 cruce

600 3589 729 3632 non
759 3578 1068 3632 noverant
1094 3615 1110 3640 ,
1147 3589 1350 3654 neque
1376 3568 1742 3642 audierant;
1772 3591 1982 3655 neque
2011 3568 2295 3634 ascendit
2319 3567 2384 3633 in
2413 3587 2641 3631 eorum

601 3693 718 3739 cor
756 3672 1042 3737 futurum
1078 3671 1393 3761 baptisma
1442 3673 1606 3762 ignis
1645 3695 1718 3738 ac
1755 3672 2029 3762 Spiritus
2062 3673 2303 3750 sancti3
2352 3673 2540 3748 item,
2579 3671 2643 3736 in

589 3775 883 3842 Ecclesia
928 3774 1325 3842 offerendum
1357 3800 1496 3843 esse
1532 3800 1757 3866 panem
1783 3791 1851 3845 et
1883 3779 2136 3854 vinum,
2180 3791 2409 3868 typum
2443 3799 2553 3842 seu
2576 3774 2665 3840 fi-

601 3902 822 3972 guram
847 3880 1056 3948 carnis
1079 3882 1317 3974 ejuskac
1349 3881 1668 3971 sanguinis
1698 3907 1713 3947 ε
1742 3895 1931 3971 atque
1951 3906 2092 3960 eos,
2126 3884 2235 3973 qui
2259 3882 2647 3973 participant

669 4031 687 4059 ¹
715 4017 831 4070 Cor.
858 4033 912 4074 ιι.
931 4035 983 4086 9.
