2982 4885
1066 547 1324 606 nomm
1370 549 1498 608 ῆι.
2182 555 2307 634 141

265 671 554 737 »mundo
570 669 620 735 ⁸.
650 696 675 731 ι
704 668 940 736 Verum
965 673 1230 762 perinde
1255 697 1329 741 ac
1358 685 1679 745 mercator
1701 699 1780 744 ex
1806 680 1992 771 longa
2022 690 2309 776 peregri-

264 775 521 840 natione
583 797 868 841 reversus
889 825 906 851 ,
978 790 1291 865 auctaque
1352 804 1463 846 sua
1516 784 1944 871 negotiatione
2015 791 2092 854 ad
2163 814 2313 859 suos

260 880 490 955 mittit,
524 891 597 945 ut
624 892 997 947 construant
1030 881 1148 946 sihi
1177 884 1401 950 domos
1431 898 1498 951 et
1527 887 1748 954 hortos
1768 939 1787 966 ,
1824 914 1896 957 ac
1933 893 2308 964 vestimenta

260 983 602 1050 conficiant
645 987 999 1052 necessaria
1038 1011 1055 1051 ε
1101 1001 1165 1053 et
1211 1012 1360 1055 cum
1411 997 1773 1080 pervenerit
1825 999 1907 1064 ad
1962 1021 2110 1076 sua,
2165 1015 2314 1071 tum

257 1113 512 1180 magnas
544 1091 789 1158 divitias
821 1092 1008 1158 affert
1025 1118 1043 1167 3
1074 1115 1301 1183 magna
1329 1118 1481 1163 vero
1512 1101 1838 1189 excipiunt
1868 1125 2017 1169 eum
2048 1106 2298 1186 laetitia,

220 1191 225 1198 ’
258 1206 395 1258 tum
428 1196 800 1271 domestici,
844 1209 983 1262 tum
1027 1199 1295 1287 cognati.
1340 1200 1445 1266 Sic
1487 1225 1741 1291 quoque
1774 1230 1840 1272 se
1879 1230 1980 1274 res
2010 1209 2204 1277 hahet
2236 1213 2304 1280 in

258 1302 688 1390 spiritualibus
717 1303 948 1378 rebus,
977 1305 1027 1369 si
1058 1306 1315 1392 quidam
1338 1312 1603 1374 mercati
1632 1311 1868 1380 fuerint
1899 1319 2188 1384 coelestes
2203 1320 2303 1384 di-

256 1407 466 1481 vitias,
509 1419 749 1472 norunt
790 1407 857 1473 id
900 1431 1124 1474 eorum
1170 1411 1375 1488 cives,
1418 1411 1544 1479 hoc
1575 1426 1713 1490 est,
1763 1420 2015 1506 spiritus
2050 1434 2301 1490 sancto-

258 1532 401 1574 rum
434 1523 499 1575 et
528 1511 954 1595 Angelorum,
1003 1524 1069 1576 et
1109 1515 1525 1582 admiratione
1573 1520 1785 1594 ducti,
1822 1523 2090 1590 dicunt:
2134 1528 2306 1591 «Im-

257 1634 509 1678 mensas
551 1613 798 1678 divitias
828 1599 1154 1678 consecuti
1186 1627 1333 1680 sunt
1364 1617 1584 1684 fratres
1615 1621 1849 1697 nostri,
1877 1626 1987 1712 qui
2016 1626 2081 1691 in
2118 1630 2304 1695 terris

257 1732 421 1783 sunt.
450 1746 475 1779 n
509 1718 587 1784 Hi
616 1740 769 1807 ergo
791 1740 940 1784 cum
964 1741 1184 1785 secum
1211 1720 1489 1787 habeant
1509 1724 1856 1792 Dominum
1873 1777 1892 1804 ,
1919 1751 2068 1795 cum
2100 1732 2301 1800 disce-

257 1827 454 1901 dunt,
509 1846 737 1912 magna
782 1845 931 1889 cum
976 1824 1191 1894 laetitia
1238 1826 1502 1893 veniunt
1554 1834 1636 1896 ad
1688 1835 1974 1900 coelestes
2012 1835 2293 1917 incolas3

254 1949 409 2016 qnos
439 1928 782 2024 excipiunt,
801 1929 1072 2017 quisunt
1099 1953 1134 1994 a
1159 1931 1354 1998 latere
1382 1931 1678 2010 Domini,
1709 1957 1780 2002 ac
1796 1938 1906 2024 qui
1937 1939 2063 2006 illic
2078 1942 2293 2009 eisdo-

253 2054 388 2097 mos
422 2045 486 2097 et
531 2034 750 2098 hortos
792 2045 858 2100 et
904 2034 1234 2122 splendida
1278 2049 1467 2125 atque
1498 2052 1868 2129 sumptuosa
1912 2045 2289 2116 vestimenta

246 2150 637 2225 praeparant,
671 2137 1016 2227 excipiunt.

331 2241 447 2307 IX.
501 2243 860 2308 Sobrietate
892 2244 1084 2330 igitur
1101 2246 1168 2310 in
1198 2247 1494 2314 omnibus
1506 2239 1667 2338 opus
1685 2263 1803 2328 est,
1834 2248 2097 2343 ne,‹'1uae
2118 2260 2289 2327 vide-

246 2367 392 2411 mur
425 2344 747 2433 possidere
774 2346 968 2419 bona,
988 2347 1053 2410 in
1076 2351 1424 2432 perniciem
1448 2365 1729 2417 nostram
1757 2371 2101 2426 vertantur.
2124 2361 2285 2430 Nam

246 2451 353 2538 qui
398 2461 621 2515 natura
666 2460 815 2514 sunt
858 2448 1146 2535 benigni,
1189 2451 1255 2515 ni
1312 2452 1431 2515 sibi
1474 2469 1775 2532 caveant,
1832 2482 2061 2545 parum
2108 2468 2288 2533 abest

244 2557 396 2643 quin
440 2554 520 2619 ab
555 2554 688 2642 ipsa
732 2552 1021 2618 bonitate
1059 2553 1550 2634 subtrahantur,
1592 2570 1657 2623 et
1689 2560 1796 2646 qui
1829 2563 2132 2650 sapientia
2157 2571 2292 2657 pol·

242 2663 409 2734 lent,
444 2659 598 2746 quin
631 2657 709 2723 ab
741 2680 815 2723 ea
847 2658 980 2747 ipsa
1012 2659 1450 2747 surripiantur.
1503 2661 1770 2752 Oportet
1802 2689 1956 2756 ergo
1984 2669 2049 2736 in
2083 2675 2286 2741 omni·

244 2764 364 2829 bus
401 2762 683 2851 partibus
727 2774 1149 2851 temperatum
1191 2787 1327 2830 esse
1363 2765 1725 2847 hominem,
1781 2793 2013 2861 nempe
2058 2774 2277 2845 huma-

241 2869 505 2934 nitatem
559 2889 706 2933 cum
770 2868 1101 2935 severitate
1142 2871 1521 2958 permixtam
1575 2873 1813 2941 hahere
1833 2926 1852 2953 ,
1908 2880 2280 2967 sapientiam

240 2995 386 3039 cum
416 2973 659 3063 judicio
681 3023 699 3049 ,
734 2992 1093 3040 sermonem
1140 2996 1291 3041 cum
1322 2998 1546 3064 opere,
1597 2985 2079 3081 atquelomnino
2119 2985 2282 3055 fidu-

240 3081 401 3146 ciam
432 3103 608 3147 suam
640 3082 706 3146 in
736 3079 1041 3157 Domino,
1074 3103 1205 3144 non
1236 3103 1303 3146 se
1326 3082 1462 3170 ipso
1493 3085 1825 3154 collocare.
1858 3089 2070 3157 Virtus
2101 3095 2278 3164 enim

241 3187 538 3251 conditur
560 3185 747 3251 variis
777 3185 1016 3262 modis,
1048 3198 1347 3275 tanquam
1382 3189 1562 3257 cibus
1593 3191 1853 3280 quidam
1882 3202 2274 3269 necessarius

240 3291 498 3355 conditu
539 3302 645 3357 aut
688 3288 809 3354 alio
849 3291 1166 3377 quodam,
1215 3301 1279 3357 et
1320 3291 1443 3359 hoc
1467 3316 1598 3360 non
1628 3307 1878 3366 tantum
1909 3303 2136 3378 melle,
2161 3306 2276 3372 sed

238 3396 427 3460 etiam
461 3380 677 3484 pipere
696 3444 714 3472 ‚
740 3407 804 3461 et
824 3396 910 3460 ita
942 3395 1259 3486 reperitur
1282 3397 1471 3465 utilis.

324 3499 407 3566 X.
462 3500 590 3580 Qui
608 3513 897 3567 asserunt
920 3524 1049 3566 non
1066 3522 1204 3565 esse
1217 3504 1647 3589 peccatumin
1676 3504 1970 3583 homine,
2005 3511 2272 3598 perinde

239 3617 424 3679 sunt,
472 3628 542 3670 ac
587 3608 694 3695 qui
741 3606 1156 3671 inundatione
1207 3604 1557 3692 ingentium
1598 3628 1904 3693 aquarum
1957 3614 2266 3695 demersi,

236 3708 363 3774 hoc
398 3708 602 3794 ipsum
644 3713 824 3778 fateri
870 3724 1200 3785 verentur,
1234 3711 1345 3775 sed
1378 3710 1554 3773 aiunt
1585 3731 1601 3771 ε
1635 3735 1661 3768 α
1693 3709 1935 3775 Sonum
1962 3735 2270 3799 aquarum

238 3811 615 3877 audivimus
649 3840 673 3872 n
725 3815 828 3878 Sic
863 3839 1112 3903 quoque
1148 3814 1477 3903 profundis
1524 3813 1777 3878 malitiae
1813 3811 2112 3884 fluctibus
2158 3821 2273 3887 de-

233 3916 466 3992 mersi,
500 3927 735 4004 negant
778 3918 841 3981 in
875 3932 1087 3987 mente
1125 3942 1199 3988 ac
1238 3917 1728 4019 cogitationibus
1758 3919 1898 4012 :suis
1935 3935 2271 4017 peccatum

307 4086 321 4111 ι
352 4071 502 4123 Joan.
527 4084 650 4128 xm,
677 4067 751 4122 26.
