2982 4885
638 476 766 557 432
1310 490 1359 537 s.
1415 482 1679 536 uacum
1721 456 2000 537 acui-11

633 628 765 679 non
815 617 1282 697 persequuntur
1322 602 1727 683 sermonem3
1764 623 1840 673 ut
1875 630 1959 674 ne
1986 606 2561 697 ‚deprehendantur
2586 613 2721 695 10⁴,

639 713 767 781 cuti
797 722 1007 801 ‘neque
1030 709 1432 798 interrogati,
1466 712 1881 799 videaturque
1911 734 2050 777 esse
2079 713 2281 779 otiosa
2312 717 2583 804 loquela.

641 838 650 841 *
713 816 990 887 XXVII.
1045 816 1231 881 Hunc
1266 814 1332 881 in
1365 817 1631 881 modum
1653 824 2070 906 percontatus
2090 831 2189 884 est
2220 818 2439 887 Abbas
2468 823 2678 892 Esaias

639 922 953 990 Abbatem
1001 920 1343 986 Macar-ium
1372 944 1387 985 ε
1420 921 1643 986 Proser
1673 922 1830 987 mibi
1868 916 2271 989 sententiam.
2312 925 2388 990 Et
2422 927 2574 993 dixit
2611 928 2678 995 ei

637 1050 828 1093 senex
855 1049 872 1091 t
904 1025 1206 1093 Homines
1237 1023 1400 1113 fuge.
1437 1024 1681 1091 Rursus
1706 1026 1922 1093 Abbas
1949 1025 2165 1093 Esaias
2194 1052 2210 1092 ε
2251 1029 2424 1108 Quid
2449 1043 2541 1095 est
2569 1031 2677 1096 su-

636 1155 785 1221 gere
807 1129 1114 1197 homines.
1167 1129 1374 1196 Senex
1401 1151 1552 1195 vero
1580 1153 1597 1195 ε
1628 1129 1864 1197 Sedere
1887 1130 1953 1196 in
1984 1133 2141 1198 cella
2168 1144 2269 1198 tua
2292 1181 2311 1208 ‚
2338 1147 2405 1198 et
2436 1133 2674 1201 deflere

636 1250 742 1303 tua
772 1247 1054 1324 peccata.

722 1336 1021 1408 XXVIII.
1072 1338 1209 1404 Hoc
1257 1337 1573 1404 rescrebat
1614 1338 1831 1405 Abbas
1875 1339 2262 1428 Paphnutius
2315 1339 2674 1430 discipulus

636 1432 900 1513 Abbatis
934 1440 1231 1507 Macarii:
1267 1442 1502 1531 Rogavi
1549 1455 1795 1531 patrem
1840 1465 2090 1519 meum,
2133 1455 2202 1509 ut
2244 1445 2480 1532 aliquid
2510 1446 2673 1515 mihi

635 1553 893 1618 diceret.
923 1546 1098 1613 Illius
1131 1558 1339 1611 autem
1375 1548 1579 1612 oratio
1609 1548 1769 1613 suit:
1805 1546 2136 1614 Neminem
2167 1550 2432 1628 laeserb,
2467 1553 2669 1618 nemi-

631 1646 782 1723 ‘nem
815 1650 1348 1719 condemnaveris.
1382 1651 1532 1716 Haec
1565 1654 1828 1718 observa
1858 1665 1923 1719 et
1952 1656 2158 1720 salvus
2190 1654 2322 1721 fies.

724 1756 969 1827 xxlx.
1024 1753 1195 1820 Dixit
1235 1753 1452 1819 Abbas
1494 1755 1807 1822 Macarius
1840 1780 1857 1822 ε
1896 1757 2043 1825 Noli
2090 1761 2367 1826 dormire
2404 1761 2468 1826 in
2510 1763 2661 1827 cella

633 1862 844 1929 fratris
864 1909 881 1934 ,
914 1858 1022 1947 qui
1045 1859 1273 1922 malam
1296 1857 1529 1923 samam
1558 1859 1768 1927 habet.

720 1964 938 2032 XXX.
992 1962 1414 2028 Accesserant
1447 1963 1785 2049 aliquando
1816 1965 2039 2030 fratres
2071 1967 2152 2031 ad
2190 1969 2498 2034 Abbatem
2528 1953 2660 2053 Ma·

634 2069 874 2137 carium
906 2060 1077 2131 Sceti
1100 2077 1426 2153 agentem,
1467 2088 1588 2131 nec
1614 2066 1959 2155 quidquam
1993 2070 2372 2139 invenerunt
2404 2074 2469 2138 in
2506 2075 2661 2141 cella

629 2176 800 2263 ejus,
834 2173 952 2239 nisi
986 2194 1210 2269 aquam
1244 2172 1585 2260 putridam.
1623 2173 1862 2240 Dicunt
1890 2176 1950 2241 ei
1984 2200 2001 2239 ε
2040 2177 2254 2254 Abba,
2298 2181 2565 2259 ascende
2594 2179 2657 2243 in

629 2303 904 2373 pagum.
933 2277 1291 2347 reficiemus
1330 2291 1411 2344 te.
1458 2279 1723 2370 Excepit
1760 2305 1988 2348 senex:
2018 2284 2263 2360 Nostis,
2296 2285 2559 2361 fratres,
2596 2285 2659 2350 il-

628 2388 751 2455 lius
775 2386 913 2454 talis
943 2383 1214 2452 hominis
1234 2384 1571 2474 pistrinum
1605 2386 1669 2452 in
1694 2386 1898 2477 pago?
1927 2387 2331 2476 Respondent
2368 2393 2393 2456 ε’
2424 2392 2651 2457 Etiam.

631 2498 796 2562 Tum
826 2483 1060 2560 seneit:
1101 2493 1234 2582 Ego
1264 2514 1523 2579 quoque
1569 2493 1732 2558 novi.
1783 2493 1969 2560 Scitis
2009 2505 2071 2562 et
2107 2494 2414 2581 praedium
2457 2497 2661 2573 illius,

591 2595 600 2604 '
630 2603 740 2668 ubi
777 2601 1004 2667 ssuvins
1032 2598 1218 2664 salit?
1250 2598 1476 2671 Aiunt:
1518 2598 1787 2665 Scimus.
1819 2602 1951 2691 Ego
1974 2622 2222 2688 quoque
2250 2600 2382 2665 scio
2404 2650 2422 2676 ,
2456 2601 2662 2692 inquit

633 2730 842 2775 senex.
883 2704 1154 2784 Quando
1184 2702 1376 2789 igitur
1401 2704 1648 2791 placet,
1683 2706 1874 2772 vestri
1911 2729 2071 2794 opus
2106 2728 2232 2771 non
2264 2705 2506 2787 habeo,
2552 2710 2657 2775 sed

625 2811 781 2876 mibi
805 2818 1087 2896 apporto.

711 2911 956 2980 XXXI.
1009 2909 1284 2977 Aiebant
1329 2911 1408 2975 de
1450 2911 1699 2977 Abbate
1734 2913 2048 2990 Macaria,
2095 2917 2275 3002 quod
2302 2916 2356 2981 si
2395 2919 2472 2981 ad
2500 2939 2641 2981 eum

623 3019 955 3083 accederet
998 3015 1226 3093 frater,
1271 3039 1420 3082 cum
1468 3018 1732 3093 timore,
1784 3030 2082 3110 tanquam
2126 3023 2207 3086 ad
2250 3035 2526 3087 sanctum
2576 3035 2645 3090 et

615 3129 915 3210 ‘magnum
970 3142 1185 3186 senem
1213 3168 1231 3195 ,
1286 3121 1445 3187 nihil
1490 3123 1549 3186 ei
1602 3123 2001 3207 loquebatur.
2060 3124 2127 3190 Si
2181 3149 2331 3194 vero
2384 3128 2644 3194 fratrum

618 3230 925 3322 quispiam
952 3239 1248 3313 tanquam
1273 3225 1453 3290 nihili
1474 3224 1710 3291 faciens
1738 3226 1798 3291 ei
1829 3227 2106 3307 diceret3
2141 3233 2362 3309 Abba,
2393 3237 2640 3321 quando

616 3361 755 3405 eras
779 3329 1149 3402 camelarius
1169 3379 1186 3406 ‚
1221 3340 1286 3395 et
1313 3329 1550 3394 nitrum
1579 3330 1921 3410 furabaris,
1960 3358 2032 3400 ac
2056 3336 2404 3413 vendebas,
2433 3357 2641 3404 nonne

601 3437 1036 3511 ‘verberabant
1095 3450 1158 3502 te
1219 3437 1513 3502 custodes
1546 3435 1574 3500 Ρ
1636 3436 1703 3503 Si
1760 3438 1878 3506 ista
1931 3441 2072 3528 quis
2106 3455 2285 3508 -esset
2336 3444 2642 3529 prolocu-

595 3545 751 3624 tus,
791 3546 940 3612 huic
981 3563 1128 3610 cum
1167 3542 1429 3631 gaudio,
1469 3542 1523 3609 si
1568 3541 1723 3631 quid
1757 3544 2222 3638 interrogasset,
2255 3563 2637 3631 responsum

610 3656 821 3722 dabat.

696 3754 976 3823 XXXII.
1027 3756 1122 3822 De
1165 3754 1415 3822 Abbato
1447 3752 1720 3819 Macario
1753 3753 1979 3844 Magno
2024 3757 2427 3832 asserebant,
2460 3757 2632 3844 quod

604 3858 912 3934 extiterit,
945 3860 1108 3925 sicut
1133 3857 1440 3947 scriptum
1468 3870 1598 3934 est,
1631 3860 1802 3926 Deus
1845 3864 2176 3929 terrestris.
2217 3864 2384 3944 Quia
2405 3886 2629 3952 quem-

585 3962 950 4037 admodum
969 3963 1141 4034 Deus
1160 3964 1475 4033 mundum
1497 3964 1687 4054 tegit3
1713 3966 1800 4038 ita
1826 3965 2043 4039 Abbas
2061 3968 2376 4044 Macarius
2402 3967 2629 4042 delicti
