2982 4885
924 536 1106 585 mn
1151 536 1233 584 aa
1278 532 1646 581 numus.
2177 511 2260 581 52
2273 534 2310 585 ι

273 651 583 747 judicium
613 652 931 727 futurum,
977 654 1089 721 sed
1132 652 1339 741 potius
1371 654 1693 716 carnalem
1726 651 1936 727 saeculi
1959 652 2308 740 eoncupis-

274 757 548 822 centiam
599 758 875 822 laudant.
929 757 1007 820 Hi
1060 759 1268 842 itaque
1319 756 1381 818 in
1433 778 1689 820 coenum
1740 768 2002 831 euntes,
2048 767 2111 820 et
2155 756 2306 825 inde

275 862 452 926 obliti
488 863 565 926 de
596 884 779 925 coeno
808 861 997 926 facies
1027 875 1091 926 et
1122 863 1405 926 membra
1442 884 1555 925 sua
1595 860 2015 936 deformantes
2035 911 2052 936 ,
2078 864 2302 927 eadem

274 987 343 1030 re
374 966 625 1030 cunetis
641 968 814 1031 velut
836 968 1218 1055 culpandam
1243 967 1357 1031 Dei
1384 977 1743 1030 creaturam
1767 966 2303 1030 demonstrantes:

276 1091 424 1134 cum
456 1071 559 1135 illa
592 1092 821 1160 vorago
855 1075 1188 1160 culparum
1224 1085 1288 1137 et
1324 1070 1622 1137 vitiorum
1662 1070 2012 1158 perniciosa
2051 1072 2306 1161 ‹lamna-

276 1174 367 1238 tio
406 1196 483 1238 ex
522 1174 855 1242 hominum
892 1178 1250 1251 voluntate,
1295 1197 1427 1240 non
1457 1174 1612 1262 legis
1645 1174 1870 1240 divinae
1890 1173 2305 1263 permissione

276 1279 702 1346 descenderit.
756 1300 759 1307 ‘

931 1488 1124 1561 xtv1.
1161 1486 1649 1540 summum.

372 1675 802 1744 Amor-ntra
827 1689 971 1742 sunt
989 1678 1248 1743 nomine
1270 1700 1349 1743 ex
1367 1701 1437 1744 re
1455 1680 1589 1768 ipsa
1613 1679 1907 1769 imposito
1933 1678 2001 1743 in
2031 1674 2273 1743 Galatia
2291 1723 2309 1751 ,

287 1781 398 1869 qui
432 1804 664 1871 panem
708 1796 773 1849 et
820 1806 1075 1848 caseum
1120 1784 1431 1858 offerunt,
1479 1808 1611 1849 non
1655 1787 1814 1851 illud
1859 1804 1987 1872 quo
2035 1782 2320 1850 Ecclesia¹

287 1888 602 1954 catholiea
626 1900 692 1954 et
720 1889 1063 1977 apostolica
1087 1891 1370 1956 celebrat
1391 1890 1737 1955 offerendo.

908 2112 1128 2163 xnvu.
1163 2112 1688 2164 Asconnocl‘rAE.

383 2283 525 2347 Am
555 2293 704 2346 sunt
732 2280 1161 2368 Ascodrogitae
1195 2284 1258 2346 in
1296 2285 1575 2357 Galatia,
1628 2286 1735 2370 qui
1774 2298 1984 2350 utrem
2031 2285 2318 2351 inflatum

296 2397 545 2477 ponunt
574 2397 637 2450 et
668 2385 1041 2473 cooperiunt
1079 2382 1141 2450 iu
1180 2408 1288 2450 sua
1313 2387 1626 2462 Ecclesia,
1662 2400 1726 2451 et
1757 2388 2153 2454 circumeunt
2179 2411 2326 2454 eum

299 2492 680 2558 insanientes
722 2491 1013 2579 potibus»,
1066 2504 1129 2554 et
1163 2491 1583 2565 bacchanteS,
1637 2492 1799 2556 sicut
1833 2491 2056 2580 pagani
2095 2492 2325 2558 Libero

298 2579 497 2687 patri,
534 2597 765 2662 insanis
794 2597 1112 2662 mentibus
1152 2618 1329 2660 more
1362 2597 1690 2684 gentilium
1730 2597 2045 2673 furentes,
2094 2609 2159 2661 et
2199 2619 2329 2661 non

303 2702 756 2790 intelligenteS,
805 2704 977 2790 quod
1024 2702 1107 2767 ait
1150 2702 1411 2767 Savator
1438 2751 1456 2778 ,
1503 2715 1673 2766 utros
1719 2726 1912 2767 novos
1946 2704 2285 2766 sumendos
2306 2691 2328 2778 ‚²

304 2809 495 2896 inque
526 2832 632 2874 eos
659 2833 892 2874 novum
925 2809 1140 2876 vinum
1178 2808 1560 2876 mittendum
1581 2860 1598 2885 ‚
1645 2832 1774 2876 non
1807 2810 1871 2873 in
1909 2808 2212 2874 veteres¹.
2251 2809 2334 2874 Et

302 2936 451 2979 cum
476 2914 601 2979 suis
625 2915 1013 2981 coecitatihus
1040 2927 1381 3003 properant
1405 2915 1705 2980 inservire
1723 2966 1738 2990 ,
1769 2915 1954 2980 alieni
1976 2915 2180 2979 modis
2203 2936 2326 2977 om·

304 3019 491 3086 nibus
546 3019 904 3088 christianae
937 3021 1124 3086 saluti
1156 3019 1585 3108 reperiuntur,
1627 3043 1778 3085 cum
1803 3019 2142 3106 Apostolus
2174 3017 2334 3104 deji-

305 3123 431 3189 ciat
456 3123 974 3212 justificationem
1016 3125 1187 3190 illam
1217 3124 1575 3211 judai'eam,
1617 3125 2064 3209 carnalemque
2091 3122 2334 3188 vanita-

307 3238 438 3295 tem
467 3254 484 3291 ε
512 3230 745 3295 Christi
775 3245 988 3297 autem
1017 3254 1230 3297 veram
1261 3242 1325 3295 et
1354 3232 1607 3319 plenam
1633 3227 1971 3307 confirmet
2006 3226 2335 3292 scientiam

313 3334 575 3400 dicens:
628 3360 654 3396 α
683 3334 908 3400 Vetera
960 3338 1376 3411 transierunt,
1434 3348 1499 3401 et
1553 3349 1703 3400 eece
1750 3356 1910 3398 nova
1959 3331 2170 3396 emnia
2225 3352 2337 3418 per

311 3439 682 3505 »Christum
717 3439 882 3504 sacta
922 3437 1133 3501 sunt2.
1164 3466 1188 3496 »
1228 3442 1320 3501 De
1348 3443 1484 3524 lege
1519 3440 1687 3504 enim
1717 3452 1780 3503 et
1812 3438 2040 3505 umbra
2095 3437 2348 3504 dicebat

310 3545 619 3611 Dominus
652 3554 717 3608 et
749 3544 827 3607 de
859 3564 985 3605 suae
1019 3540 1232 3627 gratiae
1281 3542 1691 3630 plenitudine.
1765 3545 2181 3629 Duorumque
2225 3545 2345 3610 ho-

214 3693 223 3698 -
313 3650 591 3724 minum,
628 3648 800 3732 quod
832 3646 918 3709 ait
942 3645 1278 3733 Apostolus
1308 3667 1322 3707 :
1362 3672 1385 3703 α
1413 3644 1662 3709 Primus
1693 3646 1885 3713 homo
1920 3654 1996 3715 de
2028 3661 2195 3714 terra
2223 3664 2343 3715 ter-

315 3774 589 3827 unt-enus,
625 3753 942 3817 secundus
981 3751 1176 3818 homo
1223 3749 1301 3815 de
1341 3751 1502 3818 coelo
1544 3751 1930 3824 coelostis‚⁸.‚a
1965 3755 2155 3836 Quod
2175 3756 2345 3822 enim

320 3868 457 3924 erat
493 3879 609 3946 per
637 3857 967 3935 umbram,
1009 3870 1074 3924 et
1113 3859 1285 3944 quod
1312 3870 1449 3922 erat
1475 3858 1768 3928 futurum
1796 3860 1862 3926 in
1892 3860 2148 3932 Domini
2183 3884 2348 3951 prov-

394 4032 409 4058 ·
440 4020 623 4073 unuh.
645 4035 713 4082 nx,
744 4037 822 4086 ¹7·
842 4049 904 4060 —
928 4036 948 4060 ⁸
976 4037 1003 4071 ι
1028 4021 1147 4071 Cor.
1164 4036 1211 4077 v.
1238 4035 1313 4084 ¹7·
1334 4045 1395 4062 -·-
1417 4022 1439 4057 ³
1466 4015 1627 4082 tGor.
1651 4035 1731 4080 xv,
1749 4020 1834 4086 (7.
