2982 4885
1094 496 1352 567 nouam
1400 495 1565 555 xxvi·
2225 471 2351 581 193

317 613 602 700 Satanas,
627 618 800 691 velut
831 620 947 688 sub
991 637 1298 713 praetextu
1342 626 1660 691 bonarum
1697 614 2176 713 cogitationum,
2224 610 2354 695 sci-

314 733 551 808 licet,«
583 731 675 796 Ex
722 751 798 795 eo
845 742 1024 818 potes
1078 732 1332 819 placere
1376 730 1589 814 Deop
1634 728 1916 820 suggerit
1967 729 2230 808 animae.
2278 753 2354 800 ac

314 841 534 905 furtim
568 838 828 904 deducit
855 860 995 904 cam
1029 840 1107 902 ad
1140 838 1325 913 levia,
1361 850 1551 925 atque
1585 837 1651 903 in
1688 836 1968 925 speciem
2004 838 2360 925 probabilia
2386 910 2431 927 Ι

317 945 576 1010 consilia
603 968 620 1009 z
656 955 721 1009 et
752 943 856 1008 illa
891 944 1057 1007 clam
1082 938 1357 1009 deducta
1381 943 1588 1009 nescit
1616 942 2007 1018 discernere,
2049 954 2239 1031 atque
2266 944 2360 1012 sic

318 1050 537 1115 incidit
571 1050 636 1115 in
667 1052 967 1135 laqueum
1018 1060 1083 1113 et
1127 1049 1389 1114 exitium
1421 1048 1676 1116 diaboli.
1728 1048 2057 1138 Praecipuu
2102 1071 2254 1116 vero
2296 1063 2365 1118 et

318 1155 588 1219 maxime
620 1166 976 1243 opportuna
1009 1154 1260 1219 athletae
1292 1167 1357 1221 et
1387 1154 1768 1221 decertantis
1802 1176 1979 1233 arma
2018 1168 2167 1227 sunt
2193 1154 2361 1235 haec,

318 1271 390 1323 ut
431 1283 508 1324 ex
551 1259 789 1331 intimis
830 1260 1260 1347 penetralibus
1302 1260 1514 1327 cordis
1557 1259 1802 1326 bellum
1842 1272 2021 1348 gerat
2067 1261 2368 1327 adversus

319 1365 658 1441 Satanam,
700 1366 845 1431 odio
903 1381 1325 1453 prosequatur
1353 1390 1421 1431 se
1464 1366 1673 1455 ipsum
1698 1412 1717 1438 ,
1757 1365 2027 1453 abneget
2086 1367 2368 1439 animam

322 1492 528 1544 suam,
564 1470 875 1534 irascatur
904 1471 964 1533 ei
997 1483 1187 1555 atque
1234 1471 1662 1557 reprehendat
1691 1490 1857 1550 eam,
1887 1470 2089 1536 insitis
2120 1473 2374 1560 cupidi-

324 1573 562 1637 tatibus
595 1572 943 1644 renitatur,
980 1574 1336 1636 reluctetur
1365 1570 1887 1659 cogitationibus,
1923 1584 2112 1659 atque
2137 1588 2378 1663 pugnet

326 1699 567 1742 secum.
1057 1672 1064 1679 “
1142 1745 1148 1751 ,

309 1830 314 1835 κ
411 1782 586 1848 ΧΙῙῙ.
622 1781 815 1861 Quod
839 1780 888 1845 si
913 1780 1190 1847 exterius
1215 1779 1536 1845 custodias
1568 1803 1801 1870 corpus
1833 1793 2016 1847 tuum
2049 1805 2082 1848 a
2108 1805 2378 1872 corrup-

326 1885 497 1951 tione
549 1899 614 1951 et
658 1900 878 1977 stupro
897 1913 914 1961 3
978 1887 1146 1952 intus
1202 1899 1414 1952 autem
1472 1886 1857 1952 adulterium
1919 1900 2029 1954 aut
2084 1902 2378 1979 stuprum

324 1991 682 2057 committas
715 1992 778 2056 in
811 1992 1299 2080 cogitationibus
1342 1992 1499 2066 tuis,
1540 1994 1790 2058 adulter
1812 1994 2082 2082 esapud
2119 1995 2373 2071 Deum.

325 2118 444 2163 nec
466 2100 727 2187 prodest
750 2098 865 2163 tibi
893 2098 1263 2185 quidquam,
1293 2099 1465 2186 qnod
1489 2121 1723 2186 corpus
1745 2096 1978 2163 habeas
1996 2097 2369 2187 virgineum.

327 2204 887 2289 Quemadmodum
921 2204 973 2267 si
1006 2204 1087 2268 sit
1132 2206 1605 2270 adolescentula
1638 2227 1711 2269 ac
1740 2204 2021 2291 juvenis,
2056 2206 2164 2292 qui
2204 2207 2380 2272 frau-

329 2306 602 2369 dulentis
651 2305 835 2368 istam
878 2305 1223 2368 verborum
1271 2307 1588 2370 illecebris
1639 2307 1915 2372 illectam
1971 2322 2374 2395 corrumpatg

313 2410 433 2476 =illa
501 2398 914 2498 postmodum
960 2408 1333 2473 execrabilis
1377 2407 1450 2472 fit
1506 2428 1875 2493 sponso,·eo
1918 2415 2092 2496 quod
2130 2414 2379 2480 adulte-

331 2516 498 2581 rium
545 2512 936 2580 commiserit
980 2535 995 2575 :
1031 2511 1121 2576 sic
1165 2534 1422 2599 quoque
1475 2509 1684 2598 anima
1742 2510 2146 2632 incorporea,
2181 2517 2233 2579 si
2267 2539 2376 2594 so-

334 2624 629 2698 cietatem
676 2643 824 2685 cum
869 2630 1194 2707 serpente,
1241 2619 1306 2684 in
1351 2616 1759 2684 interioribus
1791 2617 1983 2686 animi
2021 2619 2375 2688 recessibus

336 2727 574 2803 abdito,
609 2727 833 2815 spiritu
864 2725 1170 2799 nimirum
1222 2747 1457 2812 pravo,
1513 2721 1721 2796 ineat,
1775 2725 2165 2790 adulteratur
2225 2739 2373 2795 ante

332 2833 557 2899 Deum.
594 2833 808 2919 Itaque
832 2830 1141 2918 scriptum
1163 2842 1295 2894 est·
1330 2827 1601 2895 «Omnis
1626 2828 1734 2915 qui
1757 2828 1986 2896 viderit
2005 2831 2363 2911 mulierem,

325 2943 449 3005 »ad
488 2927 1072 3027 concupiscendum
1110 2959 1287 3011 eam,
1328 2935 1461 3022 jam
1511 2933 1867 3030 moechatus
1913 2948 2010 3002 est
2052 2937 2117 3002 in
2169 2942 2365 3008 corde

325 3046 544 3113 »suo¹.
582 3075 609 3107 n
647 3047 757 3126 Est
814 3044 986 3110 enim
1055 3053 1349 3130 stuprum
1411 3043 1586 3129 quod
1652 3061 1921 3128 corporo
1983 3043 2359 3132 perficitur:

325 3165 420 3217 est
481 3174 733 3240 quoque
797 3163 1089 3240 stuprum
1144 3147 1368 3213 animae
1412 3169 1564 3213 cum
1618 3145 1849 3214 Satana
1899 3152 2352 3243 participantis.

325 3254 560 3322 Eadem
592 3256 762 3321 enim
802 3255 1011 3321 anima
1048 3253 1216 3320 socia
1250 3266 1347 3320 est
1375 3265 1456 3328 et„
1474 3275 1657 3319 soror
1689 3265 1797 3320 aut
1827 3256 2215 3332 daemonum,
2252 3270 2362 3322 aut

326 3359 442 3425 Dei
476 3374 541 3427 ct
571 3362 1001 3450 Angelorum3
1030 3383 1169 3448 quae
1196 3381 1346 3425 vero
1405 3358 1790 3426 adulterium
1840 3357 2184 3423 committit
2213 3382 2365 3430 cum

328 3463 578 3543 Satana,
615 3467 825 3532 minus
854 3465 1192 3531 commoda
1218 3475 1313 3526 est
1348 3462 1590 3527 coelesti
1613 3462 1877 3549 Sponso.

1078 3618 1629 3672 INTERROGATIO.

421 3756 593 3824 XIV.
633 3759 874 3823 Utrum
911 3760 1181 3842 quiescit
1215 3755 1556 3823 interdum
1585 3755 1914 3838 Satanas,
1958 3771 2019 3822 et
2060 3755 2252 3826 homo
2285 3761 2374 3828 ei..

338 3864 608 3929 baraca—1·
640 3885 681 3925 a
709 3860 894 3933 betto,
924 3876 1041 3926 auc
1074 3863 1378 3946 quandia
1400 3861 1604 3936 vivit,
1637 3858 1798 3927 bollo
1842 3862 2195 3951 infestatur
2223 3866 2260 3929 ?

403 4011 420 4048 ,Ι
449 3996 627 4053 Mntlb.
650 4011 701 4055 v,
728 3994 807 4042 28.

553 4101 770 4153 xrvm.
2073 4105 2098 4148 ι
2117 4088 2152 4152 3
