2982 4885
634 483 723 568 46
1309 506 1358 551 s.
1411 498 1677 550 aucun
1719 502 1995 552 aarum

721 618 932 690 XXV.
986 619 1178 703 Quod
1209 619 1259 686 si
1288 642 1438 686 vero
1469 622 1644 686 velut
1678 620 1932 691 difficile
1970 635 2035 687 et
2071 619 2463 712 impossibile
2492 630 2678 700 nobis

634 727 947 803 videatur,
981 749 1096 792 nos
1127 748 1160 792 a
1185 748 1409 816 magua
1429 738 1839 815 pcccatorum
1866 730 2036 795 mole
2066 732 2241 798 velut
2273 755 2680 831 praeoccupa-

635 844 734 898 tos
768 831 1079 905 converti,
1111 832 1321 919 quod,
1348 842 1421 895 ut
1452 832 1856 923 praediximus
1882 882 1900 909 ,
1937 833 2245 901 indicium
2281 841 2540 909 malitiae
2561 894 2581 921 ,
2616 859 2679 912 et

637 938 1160 1027 impedimentum
1192 937 1407 1003 salutis
1439 947 1669 1002 nostrae
1689 950 1826 1014 est,
1858 942 2367 1029 recordemurot
2399 971 2680 1039 perpen-

645 1042 905 1121 damus,
950 1044 1275 1131 quomodo
1318 1041 1631 1108 Dominus
1673 1043 1737 1108 in
1785 1046 2028 1111 mundo
2063 1048 2217 1114 dum
2252 1063 2458 1130 esset,
2497 1057 2680 1121 caecis

645 1148 850 1239 visum
872 1148 1218 1215 restituerit
1238 1198 1254 1222 .
1281 1149 1663 1237 paralyticos
1693 1151 2048 1227 curaverit,
2082 1174 2348 1221 omnem
2379 1161 2681 1229 morbum

650 1255 996 1333 sanaverit,
1037 1267 1325 1321 mortuos
1358 1254 1491 1343 jam
1541 1256 1703 1321 ferre
1746 1268 2080 1349 corruptos
2102 1274 2232 1333 ,et
2269 1261 2334 1327 iu
2366 1265 2683 1334 oblivione

648 1362 1048 1437 constitutos,
1070 1360 1559 1432 resuscitaverit,
1592 1362 1818 1427 surdos
1844 1362 2062 1428 audire
2091 1363 2338 1442 fecerit,
2364 1370 2681 1457 legionem

654 1468 1052 1535 diabolorum
1093 1489 1170 1532 ex
1191 1465 1451 1533 homine
1490 1466 1789 1555 ejecerit,
1816 1480 1883 1533 et
1920 1481 2088 1534 tanta
2122 1470 2356 1536 insania
2381 1476 2684 1541 laboran-

651 1586 782 1641 tem
823 1573 1054 1640 mentis
1105 1566 1449 1661 integritati
1505 1570 1855 1640 restituerit
1888 1572 1918 1638 Ρ
1953 1574 2213 1653 Quanto
2252 1579 2451 1667 magis
2491 1579 2687 1668 igitur

657 1679 930 1746 animam
954 1681 1035 1745 ad
1056 1700 1206 1743 eum
1236 1700 1630 1754 conversam,
1666 1689 1731 1743 et
1761 1679 2258 1747 misericordiam
2283 1683 2360 1748 ab
2387 1706 2463 1750 co
2483 1686 2685 1773 requi·

658 1795 941 1859 rentem,
981 1794 1046 1847 et
1079 1782 1218 1869 ejus
1251 1782 1373 1871 ope
1413 1782 1800 1871 indigentem
1820 1833 1839 1860 ,
1879 1798 2242 1863 convertet,
2276 1799 2341 1853 et
2375 1788 2437 1853 in
2472 1789 2682 1853 laetam

663 1886 1072 1971 affectionum
1093 1887 1498 1964 vacuitatem,
1529 1901 1594 1956 et
1618 1901 1850 1956 statum
1869 1892 2074 1958 omnis
2096 1893 2340 1959 virtutis
2361 1916 2433 1960 ac
2453 1894 2684 1961 mentis

664 1995 1139 2062 renovationem
1155 1993 1483 2071 restituet3
1514 2007 1701 2083 atque
1717 1997 1982 2063 sanitate
2005 2011 2071 2063 et
2094 2014 2351 2089 aspectu
2380 2002 2606 2066 mentis
2624 2011 2687 2066 et

663 2099 1116 2188 tranquillitate
1151 2098 1600 2189 cogitationum
1621 2102 1911 2178 redditis,
1947 2125 1980 2167 a
2002 2100 2283 2170 caecitate
2302 2154 2318 2179 ,
2344 2106 2679 2181 surditate,

665 2218 874 2275 morte
901 2203 1326 2281 infidelitatis,
1367 2218 1433 2271 et
1452 2205 1811 2295 'ignorantia
1857 2219 2042 2294 atque
2083 2210 2436 2275 temeritate
2475 2213 2552 2275 ad
2587 2232 2686 2273 sa·-

667 2313 967 2409 pientiam
1006 2310 1285 2386 virtutis,
1318 2323 1384 2375 et
1413 2312 1757 2403 puritatem
1785 2313 1993 2377 cordis
2021 2337 2162 2380 cam
2197 2316 2534 2382 traducet?
2563 2314 2686 2395 Qui

668 2420 837 2498 enim
864 2415 1143 2484 condidit
1166 2438 1422 2506 corpus,
1450 2416 1622 2481 idem
1644 2416 1778 2505 ipse
1801 2418 2088 2485 condidit
2109 2405 2364 2514 quoquo
2389 2422 2679 2487 animam.

666 2526 747 2593 Et
777 2523 1313 2613 quemadmodum
1344 2523 1409 2586 in
1434 2523 1619 2587 terris
1650 2525 1804 2588 dum
1827 2536 2209 2600 versarctur,
2245 2527 2690 2592 accedentibus

668 2634 749 2697 ad
777 2654 877 2705 se,
908 2642 973 2694 et
996 2629 1074 2692 ab
1100 2649 1177 2693 eo
1206 2627 1606 2716 petentibus,
1636 2628 1934 2696 auxilium
1966 2643 2031 2696 et
2059 2631 2389 2697 sanitatem
2423 2630 2695 2698 liberali-

667 2747 767 2802 ter
795 2747 862 2799 et
897 2732 1173 2822 benigue
1209 2730 1499 2819 praestitit
1530 2743 1593 2796 et
1628 2733 1949 2812 exhibuit,
1988 2737 2160 2801 velut
2192 2736 2398 2802 bonus
2426 2748 2491 2801 et
2523 2736 2697 2801 solus

666 2839 989 2918 medicus3
1015 2837 1241 2902 eodem
1275 2835 1467 2901 modo
1493 2837 1557 2902 in
1578 2838 2029 2927 spiritualibus.

753 2943 990 3014 XXVI.
1061 2942 1128 3010 Si
1173 2941 1346 3010 euim
1393 2966 1540 3033 erga
1584 2966 1889 3033 corpora,
1947 2969 2088 3033 quas
2154 2947 2582 3016 dissolvuntur
2629 2957 2699 3011 et

666 3063 871 3120 morte
905 3058 1198 3139 pereunt,
1232 3058 1404 3113 tauta
1438 3063 1798 3116 commotus
1835 3065 1931 3118 est
1961 3053 2413 3130 misericordia,
2450 3064 2514 3117 et
2549 3052 2701 3116 uni-

669 3157 899 3244 cuique
943 3153 1114 3242 quod
1158 3155 1480 3246 quaerebat
1527 3168 1819 3246 prompte
1850 3171 1917 3225 et
1942 3159 2249 3225 benevole
2295 3157 2696 3248 prestiteritg

669 3273 904 3350 quanto
934 3258 1132 3350 magis
1168 3260 1392 3325 animae
1424 3260 1789 3338 immortali,
1825 3262 2243 3329 indissolubili
2272 3277 2335 3329 et
2361 3265 2705 3352 incorrup-

668 3367 852 3444 tibili,
898 3388 1209 3458 oppressae
1254 3368 1482 3433 morbo
1533 3367 1923 3458 ignorantiae,
1962 3369 2247 3445 malitiae,
2283 3368 2706 3444 infidelitatis,

668 3475 1038 3540 temeritatis
1066 3484 1131 3537 et
1158 3472 1546 3560 reliquarum
1587 3474 1834 3562 peccati
1875 3473 2323 3550 affectionum3
2371 3472 2707 3540 accedenti

566 3639 571 3642 ,
672 3579 752 3646 ad
778 3579 1151 3653 Dominum,
1185 3589 1250 3643 et
1280 3578 1358 3643 ab
1392 3599 1469 3643 eo
1502 3579 1801 3644 auxilium
1831 3579 2203 3666 requirenti,
2239 3599 2312 3643 ac
2349 3578 2415 3643 in
2450 3573 2708 3642 miseri-

668 3684 883 3751 cordia
924 3680 1063 3767 ejus
1108 3679 1418 3758 intuenti,
1467 3705 1720 3748 necnon
1757 3685 2021 3771 gratiam
2063 3683 2337 3772 Spiritus
2374 3684 2452 3748 ab
2489 3705 2566 3747 eo
2595 3703 2708 3746 re-

667 3791 881 3878 cipere
926 3786 1306 3853 desideranti
1336 3789 1419 3853 ad
1448 3789 1954 3876 redemptionem
1982 3800 2049 3855 et
2075 3793 2341 3854 salutem
2385 3809 2591 3862 suam,
2631 3799 2710 3854 et

668 3897 746 3960 ab
778 3892 953 3960 omui
988 3891 1225 3959 malitia
1259 3904 1325 3959 et
1357 3892 1591 3959 affectu
1619 3891 2057 3961 liberationem
2076 3918 2095 3971 ς
2145 3894 2460 3959 concedet
2504 3912 2709 3979 qum

657 3998 987 4069 celerrime
1020 4009 1087 4067 et
1126 3997 1625 4089 promptissime,
1655 4000 1827 4068 velut
1865 3999 2184 4069 medicam
2219 3997 2704 4078 munionem,
