2982 4885
1104 554 1362 600 nonnus
1408 525 1507 598 izv.
2193 554 2324 625 107

293 669 570 740 animam
596 661 873 744 tristitia,
908 671 1094 737 dolor
1124 693 1196 736 ac
1226 672 1442 736 luctus
1482 691 1709 736 omnes
1755 683 2008 739 sanctos
2055 684 2123 746 et
2153 669 2334 750 intel-

290 775 593 841 lectuales
636 772 910 863 Spiritus
940 773 1179 843 invadit
1214 798 1231 841 t
1271 771 1535 865 Angeli,
1579 774 1959 854 potestates,
1998 767 2325 869 Apostoli,

288 877 661 968 Prophetae,
694 878 1003 967 Martyres
1030 882 1252 971 lugent
1281 880 1419 968 ejus
1450 878 1676 948 vicem.
2197 945 2202 950 .

320 984 485 1050 ’.ΠΙ
540 984 1102 1064 Quemadmodum
1146 986 1316 1050 enim
1358 1012 1383 1044 α
1411 984 1734 1051 Gaudium
1783 997 1879 1052 est
1919 986 1983 1052 in
2017 990 2219 1066 coelo,
2253 981 2327 1055 ut

291 1085 493 1155 »dixit
562 1090 932 1166 Dominus,
1009 1114 1200 1182 super
1279 1113 1410 1155 uno
1487 1107 1826 1179 peccatore
1895 1087 2363 1182 poenitentiam'

292 1195 637 1283 »egente¹,
666 1196 796 1262 »ita
830 1196 1083 1262 tristitia
1125 1196 1325 1261 multa
1374 1207 1470 1260 est
1510 1206 1575 1260 et
1617 1197 1834 1272 luctus
1861 1191 1923 1260 in
1953 1199 2117 1263 coelo
2153 1221 2346 1319 super

292 1321 421 1367 una
444 1302 693 1377 anima,
721 1323 862 1390 quoe
893 1302 1128 1369 excidit
1155 1303 1280 1368 vita
1301 1313 1557 1367 aeterna.
1591 1301 1673 1367 Et
1702 1299 2283 1388 quemadmodum
2267 1327 2332 1370 m

294 1406 514 1480 terris,
546 1406 597 1471 si
628 1406 770 1495 quis
805 1408 1087 1494 locuples
1118 1407 1211 1471 vir
1247 1419 1543 1471 mortuus
1570 1404 1790 1479 suerit,
1828 1428 1974 1471 cum
2010 1420 2201 1474 cantu
2233 1408 2335 1473 lu-

295 1501 515 1597 gubri,
547 1511 1019 1573 -lamentatione
1070 1531 1145 1574 ac
1184 1513 1450 1596 planetu
1500 1509 1766 1574 ess’ertur
1811 1532 1850 1573 e
1878 1511 2004 1575 vita
2047 1534 2162 1598 per
2195 1532 2340 1578 suos

294 1610 557 1683 fratres,
592 1609 1099 1698 consanguineos
1122 1661 1139 1686 ,
1168 1612 1407 1675 amicos
1445 1633 1517 1675 ac
1546 1611 1885 1682 familiares
1914 1633 1947 1679 εΔ
1968 1611 2060 1677 sie
2090 1635 2343 1704 quoque

192 1745 199 1748 -
294 1724 559 1803 propter
588 1727 729 1778 eam
758 1714 1035 1780 animam
1069 1737 1290 1780 omnes
1314 1715 1516 1780 sancti
1541 1716 1760 1803 lugent
1781 1707 2238 1786 lamentatione
2267 1740 2340 1804 ae

294 1837 455 1885 νοω
481 1819 757 1906 lugubri.
812 1819 982 1885 Alibi
1014 1821 1186 1885 enim
1224 1818 1551 1909 Scriptura
1591 1821 1672 1884 ad
1701 1820 1829 1886 hoc
1867 1819 2139 1888 obscure
2179 1823 2342 1896 allu-

297 1923 409 1999 dit,
443 1923 735 2011 inquiens
757 1948 773 1986 =
797 1949 823 1984 α
841 1921 1094 1990 Cecidit
1108 1925 1319 2014 pinus,
1343 1926 1560 2014 lugete
1586 1923 1821 1991 cedri².
1849 1953 1874 1987 s
1904 1926 2338 2007 Quemadmo-

299 2030 451 2094 dum
480 2027 653 2096 enim
674 2032 947 2118 populus
970 2031 1165 2096 Israel
1186 2080 1205 2106 ,
1240 2053 1389 2097 cum
1416 2030 1739 2096 videretur
1761 2032 2014 2120 placere
2036 2021 2338 2124 Domino,

298 2133 589 2221 quamvis
609 2136 1021 2211 nullomodo,
1054 2158 1183 2225 quo
1206 2135 1451 2212 debuit,
1486 2137 1544 2201 e'i
1567 2134 1945 2225 placuerit⁸,
1974 2141 2338 2206 columnam

297 2239 484 2306 uubis
516 2237 795 2304 habebat
816 2243 1311 2306 obumbrantem
1331 2290 1350 2316 ,
1386 2254 1450 2306 et
1467 2244 1832 2308 columnam
1857 2242 2017 2332 ignis
2034 2244 2345 2312 illustran-

296 2355 469 2415 tem,
494 2361 674 2410 mare
696 2341 952 2405 videbat
973 2343 1405 2407 dividicoram
1430 2344 1613 2430 ipsis,
1646 2367 1718 2409 ac
1752 2343 2079 2433 limpidam
2120 2370 2346 2434 aquam

299 2472 337 2515 e
352 2459 532 2537 petra
550 2468 923 2534 erumpere:
945 2460 1279 2532 postquam
1296 2468 1441 2509 vero
1457 2469 1671 2510 aversa
1684 2460 1779 2512 est
1795 2462 2047 2515 menset
2061 2456 2347 2519 voluntas

301 2570 529 2620 eorum
572 2574 607 2616 a
640 2548 808 2624 Deo.
852 2560 991 2616 tum
1038 2551 1436 2639 serpentibus
1473 2552 1722 2627 traditi,
1758 2566 1824 2619 et
1855 2553 2153 2619 hostibus
2183 2554 2349 2632 suis,

300 2680 382 2725 ae
423 2658 489 2723 in
525 2656 957 2745 captivitatem
993 2657 1414 2721 miserrimam
1459 2658 1758 2733 abducti,
1809 2670 1997 2747 atque
2031 2661 2351 2727 servituti·

301 2765 428 2829 hus
453 2763 626 2828 duris
652 2763 873 2829 tentati
898 2776 1066 2828 sunt.
1108 2763 1283 2828 Idem
1310 2786 1568 2851 prorsus
1597 2786 1850 2852 quoque
1877 2765 2100 2832 animis
2125 2767 2353 2841 nostris

305 2867 636 2957 contingit.
680 2868 871 2949 Quod
898 2870 1105 2960 ipsum
1131 2893 1386 2959 quoque
1412 2894 1525 2958 per
1549 2871 1925 2960 prophetam
1952 2872 2349 2943 Ezechielem

303 2974 574 3063 mystice
608 2990 1122 3041 commonstrans
1156 2974 1429 3064 Spiritus
1470 2978 1549 3040 de
1581 2976 1950 3062 hujusmodi
1979 2976 2185 3042 anima
2207 3027 2224 3054 ,
2252 3002 2358 3047 ven

305 3079 401 3143 lut
437 3081 519 3144 de
547 3079 939 3156 Jerusalem,
986 3081 1377 3169 loquebatur
1412 3102 1429 3169 ς
1490 3081 1771 3147 «⁸1nveu‘i
1822 3095 1883 3147 te
1908 3131 1925 3157 ,
1986 3080 2232 3173 iuquit,
2292 3078 2355 3150 in

308 3185 604 3253 »deserto
647 3187 918 3261 nudam,
963 3199 1028 3252 et
1082 3185 1250 3250 ablui
1292 3199 1353 3251 te
1388 3208 1549 3274 aqua
1587 3187 1670 3255 ab
1707 3188 2071 3278 impuritate
2106 3201 2211 3255 tua
2235 3241 2252 3266 ,
2293 3202 2360 3255 et

310 3284 531 3355 »indui
578 3303 643 3356 te
682 3290 1059 3358 vestimento
1090 3342 1107 3368 ,
1160 3304 1225 3357 et
1267 3293 1545 3357 armillas
1587 3293 2017 3383 circumposui
2063 3294 2366 3373 manibus,=

312 3395 518 3471 nois,
552 3408 615 3461 et
640 3408 898 3486 torques
925 3399 1094 3463 circa
1124 3400 1359 3463 collum
1390 3411 1572 3462 tuum
1600 3447 1617 3472 ,
1645 3410 1708 3462 et
1740 3397 1993 3461 inaures
2017 3383 2079 3460 in
2107 3392 2364 3486 auribus

313 3501 513 3576 uuis,
543 3513 608 3566 et
635 3501 797 3568 facta
831 3527 901 3568 es
929 3502 1084 3568 mihi
1113 3500 1439 3566 nominata
1460 3502 1627 3566 inter
1655 3525 1878 3567 omnes
1902 3513 2138 3591 gentes.
2171 3502 2364 3569 Simi-

315 3605 488 3668 »lam
518 3616 582 3695 et
613 3609 828 3674 oleum
862 3630 937 3673 ac
971 3609 1097 3672 mel
1132 3605 1468 3671 comedisti
1496 3652 1515 3679 ,
1549 3617 1613 3669 et
1639 3598 1718 3669 ad
1752 3604 2045 3671 ultimum
2078 3628 2145 3669 es
2173 3605 2367 3673 oblita

319 3702 671 3772 »beneficia
701 3734 868 3777 mea.
901 3710 1124 3778 Abiisti
1152 3722 1295 3800 post
1326 3719 1642 3775 amatores
1665 3720 1834 3783 tuos,
1862 3719 2100 3773 etcum
2125 3708 2374 3798 pudore

318 3807 677 3875 »fornicata
709 3813 832 3877 ω’.
864 3842 889 3875 ι»

392 3973 407 3997 ¹
438 3956 558 4010 Luc.
584 3975 663 4019 xv,
687 3978 736 4025 7.
756 3987 818 3998 --
844 3976 861 3997 ⁸
892 3963 1036 4013 zach.
1062 3932 1137 4025 ιιι,
1167 3982 1279 4014 ει.-
1302 3967 1322 3999 ⁸
1349 3944 1507 4016 Exod.
1537 3982 1645 4021 xm.
1675 3980 1752 4022 n,
1776 3973 1824 4016 et
1846 3981 1943 4024 xiv,
1975 3965 2375 4032 19.-⁴Eoech.

322 4056 428 4101 τινι,
451 4041 502 4099 6,
527 4048 578 4093 et
598 4055 741 4108 seqq.
