2982 4885
692 497 815 573 158
1357 517 1405 562 s.
1460 515 1735 563 metim
1782 507 2049 562 neom

774 638 887 707 IX.
943 635 1274 703 Interdum
1297 634 1361 701 in
1384 656 1642 700 summo
1675 633 1927 699 silentio
1945 682 1961 708 ,
1987 633 2440 721 tranquillitate
2468 641 2536 701 et
2566 655 2722 725 pace

686 744 1023 834 oeqniescit
1078 741 1285 807 anima
1304 789 1321 815 ,
1387 741 1453 806 in
1500 742 1631 805 sola
1685 740 1995 830 spirituali
2040 742 2398 828 voluptate,
2449 753 2515 806 et
2562 741 2721 808 inef-

678 850 860 919 'subiti
899 847 1118 936 requie
1160 857 1351 933 atque
1389 846 1453 910 in
1482 846 1727 933 optimo
1763 858 1930 911 statu
1966 845 2255 911 existens.
2298 846 2628 914 Interdum
2656 849 2720 914 in

690 953 1102 1044 intelligentie
1136 954 1411 1040 quadam
1437 973 1511 1017 ac
1538 952 1850 1041 sapientia
1886 950 2213 1027 ineffabili,
2245 966 2311 1018 et
2339 952 2560 1018 notitia
2584 952 2725 1043 Spi-

689 1062 850 1128 ritus
884 1058 1278 1126 inscrutabili
1324 1081 1359 1122 a
1393 1058 1593 1147 gratia
1645 1058 2036 1133 instituitur,
2087 1059 2257 1124 circa
2286 1081 2385 1136 ea,
2433 1082 2576 1147 quae
2605 1081 2723 1125 nec

687 1168 905 1256 lingua
933 1187 1055 1231 nec
1077 1186 1190 1230 ore
1203 1162 1413 1229 efferri
1426 1174 1691 1250 queunt.
1726 1162 2055 1229 interdum
2079 1176 2151 1228 ut
2168 1164 2369 1251 quivis
2393 1164 2724 1230 hominum

692 1272 785 1339 fit.
835 1273 927 1337 Ita
957 1271 1128 1338 varie
1157 1270 1358 1359 gratia
1381 1281 1671 1334 versatur
1698 1269 1763 1333 in
1802 1269 1908 1344 iis,
1946 1291 2019 1335 ac
2049 1271 2269 1337 multis
2303 1272 2506 1337 modis
2551 1271 2727 1336 ducit

692 1378 968 1452 animam
989 1424 1008 1452 ,
1044 1398 1338 1442 recreans
1368 1375 1545 1464 juxta
1575 1377 1970 1441 voluntatem
1995 1376 2283 1442 divinam
2303 1429 2318 1454 ,
2354 1391 2728 1464 exercetque

686 1506 833 1552 eam
890 1482 1336 1570 diversimode,
1386 1494 1459 1547 ut
1499 1482 1675 1547 illam
1720 1482 2057 1571 integram,
2111 1484 2727 1573 irreprehensibilem

690 1604 886 1679 atque
923 1612 1151 1679 puram
1182 1591 1353 1678 apud
1382 1590 1708 1656 coelestem
1738 1590 1992 1656 Patrem
2028 1592 2387 1657 constituat.

781 1696 868 1764 X.
923 1694 1240 1760 Caeterum
1291 1695 1613 1781 praedictae
1673 1695 1776 1759 hae
1830 1694 2101 1780 Spiritus
2160 1695 2559 1781 operationes
2579 1745 2597 1772 ,
2662 1693 2740 1760 ad

693 1818 1018 1866 summum
1043 1798 1311 1882 gradum
1338 1796 1662 1881 portinent
1687 1815 1910 1858 eorum
1931 1845 1948 1870 ,
1984 1797 2092 1880 qui
2124 1799 2408 1883 proxime
2441 1823 2474 1862 a
2500 1799 2744 1887 perfec·

696 1900 873 1966 tione
895 1898 1143 1963 absum.
1183 1897 1312 1961 111ae
1326 1897 1530 1970 enim,
1565 1899 2265 1984 quarum’mentionem
2297 1899 2598 1980 fecimus,
2637 1928 2743 1972 va-

699 2004 809 2070 rioe
866 1999 1330 2078 moderationes
1380 2000 1631 2087 gratiae,
1702 2000 1878 2066 varie
1931 2003 2196 2090 quidem
2253 2006 2739 2094 exprimuntur,

699 2105 949 2175 assidue
978 2117 1195 2171 tamen
1227 2105 1293 2171 in
1331 2105 1625 2173 homines
1654 2119 1889 2196 agunt,
1926 2109 2177 2175 actione
2214 2111 2530 2177 actionem
2568 2114 2743 2179 exci-

700 2213 931 2303 piente.
967 2212 1086 2278 Ubi
1103 2212 1277 2279 enim
1295 2213 1506 2278 anima
1534 2215 1612 2278 ad
1644 2212 2107 2301 perfectionem
2139 2215 2411 2306 Spiritus
2441 2240 2741 2307 pervene-

696 2321 805 2396 rit,
843 2318 1125 2409 perfecte
1156 2318 1233 2384 αἱ)
1260 2318 1558 2384 omnibus
1591 2318 1929 2385 affectibus
1955 2334 2330 2410 expurgata,
2382 2334 2448 2387 et
2476 2321 2735 2412 Spiritui

694 2427 1023 2517 Pmcleto
1046 2448 1278 2497 arcana
1309 2424 1612 2492 societate
1636 2425 1811 2492 unita
1829 2438 1894 2492 et
1923 2427 2257 2516 permixta,
2293 2451 2365 2494 ac
2389 2440 2734 2519 temperata

700 2559 850 2604 cum
893 2535 1135 2625 Spiritu
1176 2535 1369 2621 ¹digne
1411 2533 1685 2597 hahetur
1721 2530 1863 2597 ficri
1905 2533 2202 2621 spiritus:
2247 2547 2386 2600 tum
2427 2546 2557 2600 tota
2604 2536 2730 2608 lux,

700 2655 833 2711 tota
861 2643 1117 2713 oculus,
1152 2650 1284 2702 tota
1325 2637 1616 2723 spiritus,
1651 2649 1783 2700 tota
1815 2639 2158 2724 gaudium,
2197 2653 2331 2707 tota
2363 2642 2729 2718 delectatio,

699 2757 833 2812 tota
858 2743 1198 2817 exultatio,
1233 2754 1363 2806 tota
1395 2742 1691 2816 dilectio,
1721 2753 1855 2806 tota
1888 2742 2162 2820 viscera,
2197 2758 2330 2813 tota
2368 2747 2646 2823 bonitas,
2673 2758 2735 2812 et

700 2848 1037 2918 clementia
1073 2845 1163 2911 fit.
1225 2845 1406 2910 Sicut
1454 2843 1626 2909 enim
1674 2844 1831 2934 lapis
1865 2847 1928 2911 in
1979 2849 2294 2938 profundo
2323 2852 2516 2918 maris
2559 2851 2736 2916 undi-

701 2979 828 3044 que
856 2976 1022 3039 aqua
1050 2950 1485 3021 circumdatur
1517 2973 1538 3014 :
1575 2950 1665 3016 sic
1692 2950 1758 3016 bi
1789 2955 1967 3019 omni
2001 2958 2194 3022 modo
2224 2958 2488 3048 Spiritui
2518 2970 2734 3024 sancto

702 3056 1021 3149 permixti,
1056 3055 1292 3121 similes
1320 3054 1489 3120 fiunt
1521 3055 1797 3135 Christi,
1839 3059 2105 3127 virtutes
2127 3063 2426 3152 potentiae
2469 3062 2738 3153 Spiritus

698 3174 1068 3231 constanter
1089 3162 1167 3227 §in
1201 3183 1269 3226 se
1318 3161 1466 3250 ipsis
1496 3162 1887 3241 obtinentes,
1919 3166 2090 3253 intus
2133 3169 2497 3244 existentes,
2531 3169 2736 3257 omnis

692 3271 964 3343 maculae
994 3289 1070 3334 ac
1099 3267 1607 3356 reprehensionis
1629 3285 1916 3360 expertes
1941 3286 2128 3362 atque
2159 3276 2325 3366 puri.

789 3375 905 3445 xl.
962 3374 1128 3440 Cum
1148 3373 1322 3439 enim
1355 3395 1469 3462 per
1501 3373 1808 3463 Spiritum
1852 3380 1977 3444 sint
2007 3383 2378 3460 restaurati,
2417 3382 2738 3471 quomodo

699 3494 876 3548 extra
906 3492 1171 3569 possunt
1193 3478 1471 3544 fructum
1505 3483 1759 3549 malitiae
1799 3485 2128 3573 proferre?
2163 3488 2396 3556 Verum
2424 3503 2739 3580 perpetuo

700 3608 816 3674 per
836 3585 1047 3651 omnia
1070 3584 1315 3649 fructus
1339 3583 1608 3675 Spiritus
1639 3589 1703 3655 in
1725 3590 1803 3655 iis
1833 3584 2209 3660 enitescunt.
2239 3596 2515 3662 Oremus
2546 3596 2740 3687 igitur

703 3715 957 3781 quoque
980 3714 1095 3755 nos
1116 3692 1345 3767 Deum,
1366 3706 1430 3758 et
1455 3696 1790 3759 credamus
1815 3695 1879 3760 in
1912 3698 2251 3767 dilectione
2267 3724 2341 3768 ac
2358 3725 2731 3792 spemagna,

699 3811 773 3863 ut
802 3796 1103 3884 largiatur
1136 3797 1318 3862 nobis
1360 3800 1684 3864 coelestem
1737 3802 2002 3888 gratiam
2032 3807 2183 3871 doni
2217 3807 2528 3896 Spiritus,
2564 3806 2640 3872 ut
2673 3819 2737 3873 et

698 3926 814 3970 nos
836 3904 968 3993 ipse
994 3902 1263 3992 Spiritus
1282 3906 1619 3995 gubernet,
1645 3919 1713 3971 et
1735 3910 1928 3975 ducat
1955 3912 2035 3978 ad
2065 3936 2323 3981 omnem
2347 3919 2740 3983 voluntatem

693 4009 995 4088 divinam,
1032 4031 1104 4077 ac
1136 4032 1251 4077 nos
1276 4008 1522 4078 reficiat
1549 4012 1738 4079 variis
1769 4016 2265 4103 requieimedis,
2307 4036 2379 4091 ut
2399 4045 2522 4112 ope
2543 4021 2739 4113 hujus
