2982 4885
710 546 840 623 284
1386 562 1433 603 s.
1488 559 1748 605 MACAMI
1793 556 2058 605 AEovrru

703 775 1253 802 ”Smbffl-mmm
1275 773 2607 795 ”mmmmm—QummSss-QUQQWSQ
2617 778 2632 792 0
2645 776 2735 795 Ἀ.

1378 939 1770 1007 HOMILIA
1824 938 2062 1006 XLVI.

701 1166 816 1232 De
860 1159 1265 1254 differentia
1310 1162 1382 1225 in
1392 1171 1501 1225 ter
1539 1154 1843 1224 verbum
1886 1155 2035 1224 Dec·
2055 1209 2074 1241 ,
2115 1170 2188 1222 et
2235 1159 2418 1223 inter
2447 1150 2735 1222 verbum

700 1333 711 1337 -
798 1272 1052 1341 mundi
1071 1325 1093 1360 ‚
1137 1287 1209 1341 et
1256 1275 1441 1340 inter
1460 1267 1671 1361 filios
1726 1271 1871 1339 Dea·
1888 1320 1909 1356 ,
1943 1283 2040 1370 ‘et
2086 1275 2270 1337 iuter
2301 1267 2498 1361 filios
2530 1264 2737 1358 kzq‘us

805 1384 1078 1458 mundi.
1503 1419 1508 1424 ·
2689 1391 2694 1396 ’

793 1609 839 1672 1.
895 1606 1154 1675 Vmumu
1182 1606 1329 1679 Dei,
1366 1605 1537 1670 Deus
1564 1617 1696 1677 est,
1737 1617 1803 1669 et
1840 1603 2108 1668 verbum
2157 1600 2378 1665 mundi
2402 1649 2416 1674 ,
2461 1596 2738 1663 mundus

704 1724 817 1780 est.
855 1713 1151 1798 Magnum
1183 1732 1331 1773 vero
1367 1709 1709 1772 discrimen
1747 1721 1812 1770 et
1841 1707 2239 1770 intervallum
2281 1715 2377 1768 est
2407 1704 2573 1767 inter
2601 1722 2740 1762 ver-

707 1818 861 1882 bum
888 1814 1029 1884 Dei,
1055 1823 1122 1874 et
1153 1811 1320 1873 inter
1342 1809 1609 1871 verbum
1632 1807 1879 1879 mundi,
1913 1819 2101 1890 atque
2120 1807 2181 1869 in
2193 1819 2286 1868 ter
2318 1804 2482 1869 filios
2507 1805 2649 1876 Dei,
2682 1813 2740 1866 et

706 1918 871 1979 inter
902 1913 1063 1976 filios
1093 1911 1333 1974 mundi.
1372 1911 1655 1995 Utraque
1677 1909 1847 1971 enim
1880 1910 2090 1995 proles
2117 1929 2375 1970 suorum
2408 1908 2640 1972 similis
2658 1918 2739 1970 est

709 2026 1061 2102 parentum.
1114 2012 1180 2078 si
1231 2012 1502 2076 voluerit
1543 2034 1692 2099 ergo
1746 2034 2024 2100 propago
2080 2011 2350 2099 Spiritus
2388 2011 2646 2074 tradere
2679 2032 2737 2072 se

710 2118 913 2204 ipsam
941 2117 1134 2181 verbo
1166 2117 1387 2180 mundi
1412 2164 1429 2191 ,
1465 2139 1540 2181 ac
1574 2117 1763 2194 rebus
1812 2116 2080 2181 terrenis
2101 2164 2118 2190 ,
2156 2127 2347 2200 atque
2385 2114 2597 2198 gloriae
2625 2136 2736 2177 sae·

708 2222 839 2287 culi
879 2211 1107 2309 hiljus}
1145 2221 1573 2287 mortificatur
1610 2234 1673 2287 et
1712 2222 1909 2310 perit,
1947 2221 2181 2308 quippe
2214 2240 2356 2305 quae
2387 2241 2592 2283 veram
2635 2241 2732 2280 re-

710 2329 924 2417 quiem
958 2329 1099 2394 vitae
1133 2328 1436 2414 consequi
1474 2349 1605 2392 non
1642 2326 1882 2414 possits
1909 2326 2182 2412 Requies
2227 2325 2398 2389 enim
2435 2325 2569 2410 ejus
2609 2323 2729 2386 illic

710 2448 830 2510 est,
868 2435 1036 2500 unde
1066 2445 1369 2522 prognata
1406 2446 1523 2499 est.
1563 2430 1927 2497 Suffocatur
1948 2432 2117 2496 enim
2139 2480 2155 2505 ,
2202 2442 2273 2495 ut
2305 2431 2508 2517 inquit
2535 2427 2727 2495 Domi·

712 2558 869 2614 nus,
903 2552 968 2604 et
1011 2539 1441 2602 infructuosus
1474 2535 1761 2601 redditur
1789 2535 1986 2600 verbo
2020 2537 2264 2609 divino,
2298 2536 2406 2623 qui
2437 2533 2728 2600 saeculari·

714 2644 835 2709 bus
867 2642 1035 2706 curis
1081 2655 1427 2728 occupatus
1472 2641 1739 2705 terrenis
1779 2641 2017 2727 laqueis
2063 2642 2353 2728 illigatur.
2405 2639 2725 2710 Similiter,

712 2745 821 2831 qui
846 2744 1083 2808 carnali
1108 2743 1454 2807 intentione
1478 2745 1825 2818 detinetur,
1858 2746 1981 2810 hoc
2004 2758 2124 2820 est,
2151 2745 2342 2810 homo
2357 2745 2731 2813 mundanus,

716 2847 766 2913 si
797 2847 946 2911 velit
983 2846 1250 2910 verbum
1279 2848 1393 2912 Dei
1430 2849 1686 2922 audire,
1723 2849 2100 2924 suffocatur,
2138 2862 2203 2914 et
2240 2851 2406 2914 velut
2433 2847 2739 2935 quispiam

714 2975 935 3041 expers
974 2950 1234 3017 rationis
1265 2953 1689 3020 constituitur.
1748 2944 2099 3021 Assuefacti
2128 2955 2290 3019 enim
2323 2952 2616 3016 vitiorum
2664 2951 2744 3014 il·-

718 3054 1011 3130 lecebris,
1047 3054 1155 3120 ubi
1188 3055 1265 3120 de
1287 3057 1421 3121 Deo
1455 3058 1608 3143 quid
1640 3060 1975 3135 audierint,
2003 3074 2294 3147 tanquam
2315 3055 2523 3120 minus
2565 3055 2740 3119 suavi

720 3182 1014 3225 sermone
1049 3160 1307 3237 turbati,
1344 3162 1536 3225 animi
1565 3164 1750 3228 taedio
1782 3164 2160 3230 afficiuntur.

807 3267 884 3332 11.
936 3265 1043 3331 Ait
1079 3288 1335 3352 quoque
1364 3266 1594 3331 Paulus
1633 3290 1648 3331 ε
1699 3295 1723 3327 ι
1747 3270 2052 3336 Animalis
2094 3270 2286 3335 homo
2320 3291 2445 3333 non
2476 3265 2744 3356 percipit

714 3382 856 3443 sea,
895 3393 1036 3456 quae
1074 3381 1221 3434 sunt
1276 3370 1566 3457 spiritus»,
1613 3374 1874 3440 stultitia
1909 3375 2079 3440 enim
2121 3386 2216 3440 est
2258 3374 2403 3440 illi⁴.
2431 3401 2455 3435 ι
2495 3373 2572 3437 Et
2598 3373 2745 3436 Pro-

714 3474 906 3561 pheta
936 3473 1142 3558 inquit
1168 3496 1184 3538 ε
1210 3500 1233 3532 α
1258 3475 1488 3541 Factus
1511 3492 1605 3544 est
1628 3479 1747 3545 illis
1771 3503 1977 3546 sermo
2007 3481 2148 3556 Dei,
2194 3480 2367 3568 quasi
2399 3478 2725 3541 vomitus.»

718 3576 906 3641 Vides
967 3577 1173 3642 vivere
1207 3580 1352 3644 alibi
1388 3605 1511 3647 non
1542 3583 1767 3658 licere,
1802 3608 1989 3671 quam
2038 3609 2136 3660 ea,
2169 3606 2289 3671 qua
2321 3581 2586 3668 quisque
2630 3603 2748 3644 na-

719 3695 820 3746 tus
848 3692 971 3755 est,
1008 3680 1267 3748 ratione.
1307 3686 1673 3765 Quinetiam
1708 3690 1888 3754 aliter
1924 3693 2003 3767 de
2033 3690 2159 3755 hoc
2196 3701 2292 3754 est
2330 3686 2737 3751 audiendum.

721 3783 786 3849 Si
824 3786 1030 3851 tradat
1057 3810 1124 3852 se
1156 3788 1359 3876 ipsum
1385 3794 1465 3856 ad
1486 3795 1997 3880 consequendam
2029 3794 2449 3859 mutationem
2481 3790 2751 3855 carnalis

716 3889 933 3965 homo,
966 3891 1235 3959 moritur
1261 3895 1438 3983 prius
1468 3896 1621 3976 illic,
1660 3911 1725 3966 et
1765 3899 2195 3967 infructuosus
2233 3896 2507 3965 efficitur
2551 3893 2753 3982 priori

787 4039 803 4065 ⁸
835 4042 854 4076 ι
876 4026 988 4082 Cor·
1017 4043 1077 4089 ιι,
1108 4028 1185 4089 ¹4·
