2982 4885
574 478 706 557 452
1394 492 1476 537 ss.
1534 492 1785 536 runnu

562 645 589 678 ιι
610 618 674 682 in
704 612 967 681 unum¹.
1002 640 1026 671 ι
1054 612 1133 677 Et
1158 611 1388 676 iterum
1419 632 1434 673 ε
1472 637 1498 669 ι
1527 610 1653 688 Qui
1686 608 1969 674 habitare
2002 609 2153 675 facit
2177 613 2513 693 unanimes
2548 616 2611 680 in

564 749 591 783 ι
610 723 800 786 domo
816 718 837 752 ²
864 745 882 794 3
908 746 933 778 u
967 715 1216 781 firmam
1249 715 1379 801 jam
1412 737 1584 780 nunc
1602 714 1908 801 Regulam
1932 712 2184 801 pietatis
2202 738 2319 802 per
2338 717 2611 805 Spiritus

561 826 761 893 sancti
796 823 1221 891 ostensionem
1247 821 1549 886 fratribus
1572 819 1867 885 ordinare
1898 841 2378 906 prosequamur.

1364 1039 1633 1105 CAPUT
1678 1039 1786 1105 ΙΙΙ.

560 1235 761 1306 Idem
798 1236 948 1329 ipse
982 1257 1001 1299 .·
1040 1234 1155 1300 De
1188 1228 1670 1301 unanimitate
1697 1242 1767 1296 et
1775 1226 2594 1322 J‘ucmzditatefi-atrum.

648 1447 1126 1531 Volumus-ergo
1155 1441 1379 1507 fratres
1398 1441 1726 1506 unanimes
1743 1442 1806 1507 in
1825 1442 2017 1508 domo
2034 1467 2181 1509 cum
2205 1445 2594 1532 jucunditate

558 1551 883 1625 babitare:
917 1550 1028 1615 sed
1051 1547 1324 1636 qualiter
1339 1546 1720 1613 unanimitas
1744 1548 2023 1637 ipsa,vel
2042 1550 2412 1637 jucunditas
2425 1572 2600 1620 recto

555 1654 780 1720 ordine
805 1666 1117 1728 teneatur,
1150 1652 1287 1719 Deo
1323 1652 1697 1739 adjuvante,
1725 1656 2115 1720 mandamus.

1363 1847 1633 1914 CAPUT
1677 1847 1785 1917 lv.

524 2038 529 2041 .
611 2056 764 2144 Qui
794 2046 1023 2148 suprd
1048 2076 1069 2117 .-
1116 2048 1225 2119 De
1244 2048 1559 2135 abbate,
1612 2068 1685 2121 et
1715 2053 2077 2149 quomodo
2120 2063 2190 2125 ei
2225 2042 2550 2129 obediant

894 2194 899 2197 -
1396 2165 1754 2234 monachi.

638 2362 949 2431 Volumus
970 2362 1131 2453 'ergo
1154 2385 1354 2429 unum
1387 2388 1657 2453 praeesse
1680 2368 1988 2433 seniorem
2015 2392 2204 2459 super
2227 2395 2448 2439 omnes
2478 2373 2589 2438 sta·

530 2485 680 2536 „tres
699 2519 717 2546 ,
752 2492 871 2536 nec
896 2469 974 2534 ab
993 2469 1133 2556 ejus
1157 2470 1420 2536 consilio
1444 2473 1544 2536 vel
1570 2471 1834 2560 imperio
1860 2497 2234 2561 quemquam
2262 2477 2591 2544 sinistrum

552 2577 872 2641 declinare
891 2623 911 2650 ,
939 2577 1051 2640 sed
1073 2575 1237 2640 sicut
1261 2574 1528 2662 imperio
1556 2577 1811 2643 Domini
1842 2601 1987 2645 cum
2005 2580 2405 2648 omni‘laetitia
2439 2584 2591 2650 obe·

552 2681 721 2755 dire:
775 2679 1028 2746 dicente
1071 2678 1374 2765 Apostolo
1416 2680 1868 2749 ad-Hebraeos:
1892 2712 1917 2745 ι
1942 2684 2215 2751 Obodite
2238 2689 2588 2777 praepositis

553 2783 842 2857 »vestr-is,
870 2781 1012 2868 qnia
1050 2780 1166 2869 ipsi
1199 2781 1456 2870 vigilant
1486 2807 1603 2871 pro
1642 2787 1819 2852 vobis
1855 2788 1899 2854 ⁸.
1923 2818 1952 2850 π
1985 2790 2064 2854 Et
2100 2791 2232 2879 ipse
2276 2793 2585 2859 Dominus

556 2886 712 2951 dixit
737 2909 753 2950 :
778 2912 803 2944 α
828 2885 987 2952 Nolo
1030 2885 1439 2965 sacrificium,
1474 2893 1585 2956 sed
1621 2893 2046 2958 obedientiam
2066 2895 2085 2927 ⁴
2117 2924 2141 2955 ι
2169 2897 2580 2963 Consideran-

551 2994 705 3057 dum
733 3004 829 3056 est
848 3003 1100 3079 quoque
1126 2992 1204 3057 ab
1229 2993 1327 3059 bis
1347 3042 1364 3068 ,
1400 2995 1598 3081 quise
1625 2998 1731 3063 tali
1760 3020 1950 3088 opere
1983 3000 2312 3068 unanimes
2324 3026 2453 3070 esse
2475 3025 2574 3068 cu-

547 3095 769 3185 piunt,
805 3094 951 3182 quia
982 3118 1095 3184 per
1136 3096 1561 3165 obedientiam
1601 3103 1918 3167 Abrabam
1963 3106 2201 3193 placuit
2245 3109 2417 3185 Deo,
2450 3137 2477 3168 ι
2501 3108 2582 3174 Et

546 3209 576 3260 ὑ
598 3199 837 3264 amicus
866 3198 980 3266 Dei
1023 3201 1436 3289 appellatus⁶.
1469 3232 1494 3265 n
1522 3205 1643 3270 Per
1679 3206 2105 3275 obedientiam
2146 3212 2262 3299 ipsi
2301 3214 2580 3302 Apostoli

546 3318 922 3372 meruerunt
947 3318 1137 3373 testes
1160 3307 1433 3375 Domino
1464 3310 1528 3373 in
1560 3311 1854 3379 tribubus
1877 3326 1942 3380 et
1971 3317 2220 3406 populis
2249 3343 2405 3385 esse.
2445 3321 2583 3410 Ipse

549 3434 803 3499 quoque
832 3412 1142 3478 Dominus
1176 3426 1392 3508 noster
1435 3415 1515 3479 de
1547 3418 1836 3506 supernis
1873 3423 1954 3486 ad
1981 3422 2273 3510 inferiora
2317 3424 2584 3491 descen—

547 3516 706 3581 dens
753 3516 880 3582 ait:
935 3544 960 3577 ι
985 3516 1125 3582 Non
1161 3517 1304 3583 veni
1342 3517 1551 3587 facere
1575 3525 1963 3592 voluntatem
1993 3551 2236 3603 meam,
2283 3530 2393 3593 sed
2437 3529 2578 3616 ejus

546 3618 703 3707 »qui
734 3642 839 3685 me
877 3618 1111 3687 misit‘.
1140 3648 1167 3682 ι
1210 3621 1322 3689 His
1352 3648 1503 3713 ergo
1537 3628 1723 3694 tantis
1759 3628 2096 3698 virtutibus
2143 3631 2383 3698 firmata
2422 3632 2576 3699 obe-

490 3719 499 3724 ’
548 3723 783 3790 dientia
810 3748 1196 3818 magnopere
1231 3751 1589 3819 magnoque
1618 3734 1827 3801 studio
1849 3747 2158 3805 teneatur.

622 3900 636 3923 ¹
666 3884 792 3934 Psnl.
816 3898 1008 3947 omn,
1041 3905 1082 3939 ι.
1105 3914 1170 3929 —
1194 3903 1216 3927 ·
1253 3888 1332 3940 td.
1372 3906 1527 3948 um.
1550 3909 1599 3960 7.
1627 3921 1692 3936 —
1719 3899 1743 3936 ⁸
1770 3914 1789 3948 ι
1822 3898 1977 3952 Hebr.
2016 3914 2136 3965 xm,
2163 3904 2241 3954 ιδ.
2267 3929 2330 3945 -
2349 3908 2376 3948 ⁴
2399 3902 2577 3959 nuth.

538 3979 621 4028 ιι,
649 3966 724 4020 13.
745 3989 812 4041 T?
836 3967 859 4002 ⁶
879 3963 1061 4022 Jacob.
1092 3986 1153 4032 u,
1178 3970 1260 4024 ιδ.
1282 3971 1394 4012 -8
1416 3971 1564 4029 loun.
1586 3990 1657 4036 vt.
1676 3976 1761 4033 ³8.
