2982 4885
1156 448 1413 497 nonnus
1459 448 1602 495 m.
2257 454 2391 537 22⁷

360 564 617 641 suerint,
658 565 959 655 gaudium
998 566 1342 632 conciliant
1384 578 1450 631 et
1487 587 1801 631 summam
1838 564 2291 635 exultationem
2327 570 2396 638 in
2495 638 2500 644 ,

365 673 539 740 coelis
577 673 969 761 parentibus,
1020 674 1128 760 qui
1163 694 1270 738 eos
1297 683 1736 761 procrearunt.
1777 671 1857 736 Et
1900 696 2122 739 omnes
2167 673 2395 766 Angeli

368 790 726 864 sanctaque
745 776 1022 843 Virtutes
1049 779 1343 843 laetantur
1366 779 1444 843 de
1469 777 1705 851 anima,
1732 799 1870 863 quae
1896 801 1933 841 e
1954 778 2193 868 Spiritu
2215 803 2403 872 prog-

355 895 515 975 nata
569 895 634 948 et
682 880 953 970 Spiritus
997 881 1223 948 effecta
1261 895 1376 948 est.
1419 882 1559 946 Hoc
1588 880 1757 946 euim
1796 901 2026 970 corpus
2056 885 2405 957 similitudo

343 1001 466 1054 ·est
492 986 720 1053 animoe
748 1013 768 1062 3
807 988 1018 1052 anima
1046 1011 1195 1053 vero
1228 988 1434 1075 imago
1469 984 1743 1075 Spiritus
1785 985 2012 1053 existit.
2061 980 2157 1053 Et‘
2179 1008 2407 1077 quem-

351 1093 719 1159 radmodum
767 1115 1000 1182 corpus
1038 1095 1276 1181 absque
1308 1092 1880 1157 anima³mortuum
1926 1103 2044 1168 est,
2091 1114 2211 1159 nec
2255 1094 2411 1189 quid

372 1220 675 1285 peragere
719 1201 935 1263 valet.
983 1196 1075 1264 sic
1116 1198 1355 1285 absque
1387 1195 1631 1261 coelesti
1664 1194 1895 1272 anima,
1932 1195 2169 1284 absque
2200 1197 2415 1291 divino

329 1301 642 1390 ‚Spin-itu,
673 1315 928 1368 mortua
960 1314 1056 1368 est
1086 1325 1122 1367 a
1151 1325 1347 1391 regno
1380 1301 1614 1376 anima,
1664 1314 1811 1366 nec‘
1827 1314 2035 1389 potest
2065 1296 2417 1415 quidquam

376 1429 682 1496 peragere
712 1428 964 1483 eorum,
997 1430 1136 1494 quoe
1164 1410 1246 1472 ad
1267 1407 1473 1473 Deum
1499 1404 1846 1495 pertinent,
1883 1398 2131 1493 absiffie
2148 1392 2413 1511 Spiritu.

468 1511 574 1576 IV.
632 1511 1194 1588 Quemadmodum
1217 1510 1388 1575 enim
1416 1511 1756 1576 statuarius
1788 1502 2058 1576 attendit
2076 1508 2169 1577 ad
2197 1490 2425 1583 famem

383 1613 578 1702 regis,
610 1627 749 1679 tum
779 1613 1021 1703 pingit.
1069 1636 1166 1689 ac,
1199 1612 1252 1679 si
1281 1637 1360 1681 ex
1393 1604 1677 1681 adversa
1683 1626 1864 1705 parte
1896 1614 1979 1681 sit
2009 1610 2201 1681 facies
2234 1602 2425 1709 regifi,

383 1718 722 1784 intendens
767 1719 834 1782 in
877 1717 1090 1837 ipsum
1129 1716 1469 1805 pictorem,
1511 1719 1695 1784 facile
1746 1730 1935 1805 atque
1976 1721 2298 1809 eleganter
2325 1704 2433 1791 ilie

339 1864 360 1877 »η
385 1824 724 1913 imaginem
753 1825 833 1889 ad
860 1822 1073 1887 vivum
1101 1823 1420 1912 depingit.
1453 1822 1551 1888 sin
1574 1845 1723 1887 vero
1747 1820 1974 1887 faciem
2001 1836 2265 1901 avertat,
2291 1824 2433 1921 pin·
2484 1866 2491 1874 ,

385 1950 537 2017 gere
579 1928 836 2014 nequit3
878 1949 957 1992 eo
994 1928 1168 2014 quod
1197 1926 1456 1993 intentis
1485 1926 1687 1992 oculis
1716 1948 1847 1992 non
1881 1925 2257 1995 intuebatur
2288 1928 2435 2027 pin-

389 2043 640 2121 gentem
664 2058 680 2095 :
708 2033 935 2098 eodem
959 2052 1215 2123 quoque
1237 2034 1429 2097 modo
1451 2030 1713 2119 insignis
1738 2032 1843 2097 ille
1864 2030 2097 2121 pictor,
2116 2030 2432 2113 Christus,

390 2138 796 2204 credentibus
845 2137 931 2212 ei,
983 2148 1050 2201 et
1096 2135 1236 2201 fixis
1283 2159 1434 2202 eum
1481 2137 1684 2201 oculis
1732 2158 1985 2223 semper
2015 2137 2434 2218 intuentibus,

394 2242 730 2309 confestim
754 2241 1038 2325 depingit
1061 2242 1142 2303 ad
1164 2240 1504 2325 imaginem
1527 2246 1707 2304 suam
1730 2239 2061 2305 hominem
2087 2245 2441 2329 coelestem,
2487 2244 2490 2248 “

398 2364 478 2411 ex
513 2344 648 2430 ipso
678 2340 941 2427 Spiritu,
967 2362 1048 2404 ex
1075 2341 1425 2405 substantia
1454 2340 1649 2426 ipsius
1683 2342 1941 2405 luminis
1967 2346 2206 2422 arcani,
2240 2344 2446 2448 pingit

401 2448 742 2536 imaginem
795 2445 1142 2519 coelestem,
1195 2455 1264 2508 et
1303 2440 1571 2532 largitur
1598 2440 1656 2506 ei
1685 2444 2075 2532 praeclarum
2102 2460 2168 2514 et
2197 2449 2446 2522 bonum

402 2555 570 2622 illius
602 2571 942 2672 sponsum.
964 2545 1031 2614 Si
1061 2547 1203 2636 quis
1233 2569 1383 2637 ergo
1417 2547 1696 2613 immotis
1728 2547 1931 2614 oculis
1954 2572 2103 2618 eum
2129 2576 2254 2620 non
2287 2561 2450 2625 sem·

403 2684 520 2751 per
552 2659 895 2733 intueatur,
897 2631 1151 2776 spretis
1181 2655 1504 2731 omnibus,
1539 2673 1942 2760 nequaquam
1971 2656 2188 2784 p‘inget
2204 2661 2447 2734 Domi-

404 2789 526 2833 nus
555 2763 894 2851 imaginem
925 2760 1063 2849 ejus
1091 2782 1130 2826 e
1161 2782 1275 2826 suo
1305 2759 1500 2848 ipsius
1529 2751 1790 2826 lumine.
1824 2758 2131 2851 Oportet
2126 2765 2276 2880 ergo
2306 2753 2447 2852 lim

407 2871 608 2937 oculis
647 2866 878 2934 intueri
914 2889 1030 2933 nos
1067 2889 1242 2943 eum,
1280 2867 1565 2942 credere,
1602 2878 1667 2932 et
1696 2861 1958 2987 diligere
1989 2861 2205 2949 illum,
2234 2865 2451 2948 omnig

404 2976 719 3066 projicere
757 2974 944 3060 eique
986 2972 1349 3050 attendere,
1386 2982 1458 3035 ut
1484 2970 1706 3061 pingat
1745 2968 1843 3036 sui
1873 2971 2119 3060 ipsius'
2099 2980 2445 3070 imaginem

406 3084 732 3147 coelestem
755 3091 819 3144 et
842 3077 1144 3144 immittat
1172 3077 1398 3142 animis
1422 3077 1692 3142 nostris.
1731 3089 1920 3165 atque
1949 3078 2040 3146 sic
2064 3104 2179 3149 nos
2202 3098 2451 3174 gestan·

409 3199 507 3252 tes
524 3184 871 3260 Christum,
889 3184 1081 3254 vitam
1096 3196 1400 3250 aeternam
1417 3195 1910 3272 consequamur,
1927 3198 1993 3254 et
2011 3184 2163 3294 hinc
2187 3194 2445 3320 certiori

371 3321 380 3360 ;
409 3289 649 3358 fiducia
674 3289 816 3355 sulti
848 3290 1338 3376 requiescamus.

361 3403 378 3460 ἐ.
498 3394 576 3463 V.
628 3395 896 3460 Perinde
941 3415 1013 3458 ac
1050 3406 1305 3458 moneta
1350 3414 1561 3467 aurea,
1595 3393 1715 3459 nisi
1746 3381 2118 3515 impressam
2149 3379 2448 3502 habuerit

414 3499 655 3586 regiam
684 3498 1058 3586 imaginem,
1099 3514 1232 3556 non
1263 3493 1330 3554 in
1367 3496 1753 3560 commercio
1783 3499 2017 3565 versari
2047 3509 2292 3612 potest,
2326 3532 2449 3578 nee

421 3603 490 3666 in
531 3601 693 3684 regis
738 3602 1066 3666 thesauros
1109 3592 1502 3668 reconditur,
1549 3598 1660 3660 sed
1701 3600 2034 3684 rejicitur.
2074 3587 2164 3669 sic
2195 3629 2452 3699 quoque

427 3702 661 3775 anima,
694 3705 811 3768 nisi
848 3699 1186 3767 habuerit'
1169 3699 1509 3787 imaginem
1534 3700 1804 3766 coelestis
1833 3703 2145 3794 Spiritus
2126 3731 2190 3775 ιιι
2212 3711 2454 3786 lumine

429 3826 687 3878 arcano,
721 3803 1093 3870 Christum
1078 3825 1142 3867 m
1175 3825 1243 3869 se
1273 3805 1683 3896 insculptum,
1715 3829 1845 3873 non
1876 3821 1972 3876 est
2002 3819 2339 3924 commoda
2373 3815 2454 3893 ad

377 3973 384 3976 ,
427 3932 739 4004 supernos
790 3909 1150 3991 thesauros,
1194 3924 1262 3980 et
1295 3935 1332 3980 a
1368 3913 1829 3984 mercatoribus
1874 3918 2073 4011 regni
2065 3965 2087 3999 ‚
2132 3923 2471 4014 praeclaris,
2582 3908 2589 3916 ⁰

2126 4028 2230 4096 15.
