2982 4885
1198 572 1452 619 nonnus
1500 575 1597 620 xv.
1703 616 1708 622 .
2293 579 2318 621 ι
2341 577 2416 645 ¹7

465 686 617 758 XX.
670 685 756 767 Et,
778 686 1322 776 quemadmodum
1357 689 1583 766 divites
1612 690 1680 756 in
1711 702 1878 756 terra
1900 737 1919 765 ,
1947 688 2152 756 sicubi
2181 693 2417 757 multos

379 792 627 860 fructus
664 791 727 857 in
765 793 992 858 horreo
1025 815 1140 857 suo
1180 795 1617 880 reposuerint,
1654 796 1865 860 denuo
1897 794 2206 882 majorem
2247 796 2420 861 labo·

381 920 515 963 rem
553 895 814 985 singuiis
847 897 1069 961 diebus
1094 910 1356 963 sumunt
1375 946 1392 970 ,
1420 911 1489 964 ut
1513 899 1964 987 locupletiores
2000 898 2165 972 sint,
2193 909 2266 963 et
2289 921 2420 966 non

380 1001 726 1069 deficiant:
766 1000 814 1065 si
856 1025 1004 1067 vero
1039 1002 1266 1090 opibus
1301 1003 1364 1066 iu
1397 1003 1626 1069 horreo
1665 1001 2231 1077 reconditissreti,
2270 1002 2421 1068 alias

380 1107 679 1195 colligere
719 1105 1072 1195 negligant,
1109 1129 1219 1181 ac,
1259 1129 1398 1195 quae
1440 1108 1711 1198 reposita
1744 1101 1957 1190 erant,
2004 1119 2421 1181 consumant,

381 1210 691 1276 continuo
725 1210 788 1274 in
832 1222 1270 1299 paupertatem
1314 1222 1379 1276 et
1412 1211 1690 1300 inopiam
1728 1212 2035 1280 incidunt.
2059 1211 2426 1300 Propterea

382 1314 803 1404 percipientes
834 1337 905 1379 ac
941 1314 1279 1380 inserentes
1311 1301 1557 1381 fructus
1588 1315 1826 1381 debent
1856 1339 2115 1404 operam
2148 1338 2425 1390 navare,

385 1431 450 1486 et
489 1443 747 1487 acervos
787 1423 1235 1499 accumulare,
1285 1443 1365 1486 ne
1408 1420 1795 1508 paupertatis
1835 1421 1987 1510 jugo
2026 1435 2418 1510 promantur.

388 1523 525 1587 Hoc
549 1526 740 1587 modo
768 1523 932 1587 inter
959 1523 1349 1590 Christianos
1381 1523 1710 1611 contingit,
1738 1535 1810 1588 ut
1832 1525 1972 1610 quis
1989 1526 2281 1610 degustet
2292 1546 2429 1611 gra-

394 1625 546 1689 tiam
565 1624 701 1689 Dei.
739 1652 763 1682 ι
786 1624 1050 1710 Gustate
1074 1625 1245 1706 enim
1268 1674 1286 1700 ,
1310 1624 1514 1712 inquit
1529 1673 1547 1701 ,
1575 1638 1641 1691 et
1671 1625 1879 1693 videte
1901 1625 2214 1714 quoniam
2225 1626 2431 1692 suavis

394 1739 533 1794 »est
564 1725 877 1793 Dominus
906 1728 952 1793 ¹.
992 1721 1045 1789 ι’
1062 1728 1174 1795 Est
1207 1741 1417 1798 autem
1457 1731 1732 1820 gustatio
1768 1731 1904 1802 haec
1936 1731 2135 1802 virtus
2159 1731 2430 1820 Spiritus

395 1835 457 1900 in
484 1833 880 1923 plenitudine
905 1830 1053 1898 fidei
1070 1856 1366 1923 operans,
1394 1857 1534 1926 quse
1566 1835 1856 1914 in.qorde
1872 1835 2212 1912 ministrat..
2232 1835 2433 1916 Quot-

388 1951 545 2029 quot
578 1939 748 2004 enim
792 1936 902 2004 filii
944 1951 1092 2004 sunt
1135 1940 1330 2014 lucis,
1375 1952 1440 2022 et
1476 1940 1808 2010 ministerii
1846 1941 2004 2008 Novi
2045 1941 2433 2014 Testamenti

390 2068 504 2138 per
556 2043 860 2134 Spiritum
908 2057 1233 2121 sanctum,
1289 2044 1355 2110 hi
1394 2047 1474 2112 ab
1518 2044 1890 2118 homiuibus
1933 2045 2094 2116 nihil
2125 2045 2380 2114 discunt
2407 2067 2427 2108 ε

389 2150 600 2218 edocti
623 2153 793 2217 enim
827 2174 862 2216 a
890 2151 1025 2217 Deo
1051 2164 1216 2219 sunt.
1267 2152 1407 2242 Ipsa
1437 2154 1611 2218 enim
1641 2153 1840 2243 gratia
1864 2153 2156 2223 inscribit
2186 2152 2251 2220 in
2281 2175 2431 2219 cor-

392 2256 578 2321 dibus
607 2256 863 2321 illorum
887 2257 1075 2343 'loges
1107 2256 1398 2345 Spiritus.
1440 2258 1588 2346 Non²
1614 2259 1804 2345 igitur
1833 2260 2071 2324 debent
2108 2259 2174 2324 in
2212 2257 2433 2346 Scrip-

396 2358 555 2424 turis
576 2404 593 2428 ,
644 2371 994 2421 atramento
1028 2361 1232 2423 solum
1267 2360 1602 2447 descriptis
1627 2408 1644 2433 ,
1675 2360 2226 2448 ‘plenam-fiducia
2254 2382 2436 2448 spem

397 2483 636 2553 ponere
655 2485 683 2543 3,
704 2459 1116 2523 verumetiam
1154 2461 1217 2523 in
1253 2461 1483 2524 tabulis
1508 2461 1719 2525 cordis
1750 2465 1952 2550 gratia
1984 2465 2190 2529 divina
2219 2463 2439 2530 iuscri-

399 2569 503 2639 bit,
535 2568 706 2655 leges
740 2562 1049 2654 Spiritus,
1082 2577 1146 2629 et
1188 2564 1468 2630 coelcstia
1496 2566 1815 2653 mysteria.
1853 2566 1981 2632 Cor
2018 2567 2190 2633 enim
2228 2566 2441 2656 dirigit

403 2686 478 2741 ac
499 2673 810 2763 gubernat
837 2670 1118 2765 universa
1146 2671 1428 2761 corporis
1459 2695 1715 2762 organa.
1758 2673 1849 2739 Ac
1881 2673 1932 2738 si
1964 2694 2200 2761 pascua
2225 2673 2438 2743 cordis

403 2768 602 2877 graffiis·
633 2762 1004 2853 obtinuerit,
1040 2778 1405 2843 dominatur
1434 2778 1732 2845 omnibus
1753 2778 2058 2847 membris
2096 2798 2172 2844 ac
2208 2778 2442 2869 cogitn-

405 2886 703 2954 tionibus.
749 2883 885 2951 lllic
922 2884 1093 2950 enim
1146 2908 1327 2950 mens
1369 2884 1596 2966 baeret,
1644 2897 1709 2950 et
1756 2908 1990 2952 omnes
2003 2884 2442 2973 cogitationes

402 2993 627 3079 Ἰῖιῑιίιιιειι
658 2989 923 3078 ejusque
962 2989 1211 3054 fiducia.
1256 2989 1667 3078 Quapropter
1696 3001 1987 3077 penetrat
2014 2988 2206 3071 etiam
2234 2986 2447 3077 grati-n

406 3098 466 3207 in
496 3098 783 3161 universa
818 3118 1101 3183 emporis
1133 3095 1441 3160 membra.
1535 3164 1538 3165 ⁷
1565 3154 1574 3159 ,
1981 3124 1992 3133 ·
2313 3110 2352 3165 ὁ

444 3200 678 3271 XXI.
735 3201 839 3267 Sic
882 3226 920 3268 e
958 3199 1277 3266 contrario
1311 3210 1626 3289 quotquot
1655 3156 1804 3265 sunt
1807 3144 1952 3269 filii
1988 3140 2458 3267 tenebrarum
2417 3242 2451 3273 0

284 3348 287 3353 ·
406 3296 628 3375 eorum
664 3308 841 3374 cordi
867 3309 1135 3397 imperat
1162 3320 1526 3398 peccatum,
1561 3329 1634 3372 ac
1670 3318 1962 3395 penetrat
1989 3305 2202 3370 omnia
2237 3327 2455 3371 mem«-

410 3416 526 3482 bra
555 3436 572 3479 ε
622 3442 647 3474 ι
679 3415 769 3480 Ex
796 3415 990 3481 corde
1015 3412 1185 3478 enim
1212 3425 1444 3505 escunt
1471 3410 1886 3499 cogitationes
1910 3407 2140 3475 malae²
2163 3430 2181 3474 z
2207 3439 2236 3470 ι
2267 3421 2340 3481 en
2362 3407 2454 3473 ita

412 3510 1035 3588 diffusum‘tenebris
1077 3516 1352 3593 offundit
1394 3515 1741 3580 hominem.
1795 3514 1924 3595 Qui
1968 3534 2118 3583 vero
2169 3524 2462 3581 asserunt

419 3625 641 3691 vitium
665 3647 1067 3715 nequaquam
1098 3644 1250 3687 cum
1275 3618 1538 3691 homine
1565 3618 1764 3685 foveri
1795 3631 1860 3681 et
1891 3639 2203 3694 crescere,
2230 3619 2319 3689 iili
2350 3640 2459 3683 no-

422 3749 548 3815 que
579 3732 659 3819 de
686 3731 962 3796 crastino
996 3725 1249 3795 solliciti
1287 3733 1476 3809 sunt,
1518 3743 1638 3803 nec
1662 3717 2186 3807 concupiscentia
2204 3723 2461 3807 aucun?

424 3844 549 3901 tur
613 3833 798 3899 Certo
822 3836 1009 3902 enim
1058 3848 1346 3922 tempore
1394 3826 1664 3895 cessavit
1703 3825 1848 3891 illos
1884 3822 2170 3893 molestia
2195 3816 2466 3899 affice„

426 3936 678 4007 vitium,
698 3941 1032 4043 quamdam
1065 3932 1649 4047 concupiscentiam
1679 3931 2095 4019 suggerendo,
2134 3942 2207 4001 ut
2233 3922 2476 4018 jureju-

498 4088 515 4112 *
547 4073 668 4125 Psoi.
703 4088 878 4129 xxxin,
904 4052 954 4137 9.
978 4056 1032 4109 -ὶ
1058 4085 1079 4109 ⁸
1109 4071 1287 4122 matth.
1309 4086 1392 4134 ιν,
1422 4084 1491 4135 ⁸9·
