2982 4885
887 534 1072 588 um
1116 532 1197 582 ms
1244 505 1621 581 aaennsmusl
2152 498 2289 583 853

241 669 310 723 et
374 671 765 744 paganorum
829 653 1280 742 quamplurimi
1352 651 1725 716 nuntiarunt
1793 651 2083 719 homines
2140 653 2277 720 haee

243 761 553 826 invenisse
597 762 691 824 ,ad
740 760 1176 823 seductionem
1235 757 1834 842 damnationemque
1888 758 2278 837 animarum,

244 868 412 952 quod
436 867 539 930 illa
563 865 869 952 aspiciens
893 867 1164 951 populus
1186 862 1626 925 delectabatur
1641 862 1904 947 epulis¹,
1925 864 1988 926 in
2007 886 2281 949 quorum

243 972 515 1037 vanitate
548 972 676 1035 suis
702 971 924 1035 animis
955 970 1280 1033 interitum
1317 967 1681 1030 afferebant.
1725 966 1908 1045 Certa
1944 981 2153 1032 autem
2184 981 2283 1035 est

244 1077 536 1165 probatio
577 1090 639 1141 et
677 1077 915 1163 major,
950 1079 1122 1164 quod
1153 1076 1272 1162 ipsi
1302 1073 1530 1161 pagani
1561 1072 1625 1134 in
1649 1072 1775 1141 suis
1808 1073 2082 1139 historiis
2117 1077 2287 1142 rese-⁴

246 1194 426 1256 runt,
459 1181 634 1269 quod
659 1204 692 1245 a
715 1182 966 1269 Pagano
994 1204 1141 1269 rege
1164 1229 1181 1254 ,
1208 1191 1280 1242 ut
1318 1179 1403 1241 ait
1426 1177 1734 1241 Hesiodus
1766 1178 2024 1243 Graecus
2056 1187 2237 1267 poe'ta
2256 1232 2275 1257 ,

243 1289 467 1377 pagani
493 1290 619 1353 sint
650 1290 978 1375 appellati,
1007 1288 1114 1373 qui
1150 1297 1363 1377 postea
1388 1307 1465 1347 ex
1501 1304 1648 1370 rege
1682 1306 1919 1370 pagano
1956 1286 2283 1351 Deucalio-

245 1394 341 1460 nis
374 1392 502 1458 silio
537 1406 603 1458 et
639 1393 896 1479 Pyrrhae
935 1391 1112 1479 quasi
1152 1389 1484 1477 plausibile
1516 1400 1707 1473 atque-
1748 1388 2283 1455 amabilenomen·

244 1498 382 1582 ejus
413 1498 754 1570 habenteS,
793 1496 921 1558 imo
961 1495 1172 1583 potius
1212 1496 1493 1557 colentes
1519 1491 1891 1555 memoriam
1913 1491 2051 1575 ejus
2084 1512 2285 1577 usque

246 1602 308 1666 in
334 1598 717 1664 hodiernum
752 1599 960 1674 diem,
999 1600 1124 1663 hoc
1157 1610 1285 1668 est,
1324 1596 1731 1661 mendacium
1774 1595 2046 1658 nominis
2085 1606 2286 1682 usque

246 1726 418 1769 nunc
453 1704 741 1769 detinent
765 1707 1181 1793 percolentes.
1223 1705 1433 1771 Helles
1477 1703 1723 1787 itaque,
1754 1701 1821 1769 id
1857 1715 1976 1775 est,
2033 1702 2291 1769 Graecue

247 1809 476 1879 homo,
506 1832 540 1873 a
579 1811 788 1898 lingua
817 1822 881 1875 et
916 1833 950 1875 a
982 1811 1240 1875 nomine
1264 1809 1426 1895 regis
1455 1807 1708 1881 dicitur,
1749 1808 1856 1895 qui
1890 1806 2007 1871 suit
2037 1809 2289 1890 Deuca-

248 1914 429 1981 lionis
461 1913 662 1987 filius‚
702 1916 810 2002 qui
845 1916 928 1980 ita
967 1918 1314 2003 appellatus
1345 1927 1440 1979 est
1462 1963 1479 1987 ,
1510 1914 1674 1979 sieut
1707 1914 1784 1977 ab
1823 1913 1980 1978 Italo
2010 1914 2187 1987 Itali,
2223 1926 2291 1979 et

249 2020 513 2087 Romani
549 2043 582 2086 a
616 2021 924 2096 Romulo,
961 2032 1025 2084 et
1050 2018 1254 2084 Latini
1286 2041 1318 2083 a
1349 2017 1572 2091 Latino
1606 2024 2288 2113 nomen'accepcrunt‘²

251 2146 378 2191 non
411 2125 488 2188 ab
521 2123 842 2190 idolorum
882 2126 1223 2211 impietate.
1264 2124 1442 2188 Idola
1475 2124 1746 2196 etenim,
1786 2121 1852 2187 id
1883 2132 2013 2197 est,
2056 2122 2292 2187 formas

254 2225 641 2313 sculptilium
661 2226 992 2289 hominum
1010 2237 1224 2310 postea
1250 2227 1520 2308 pessima
1536 2228 1823 2289 voluntas
1844 2227 2101 2290 invenit.
2140 2228 2293 2292 Lin'4

257 2351 444 2419 gnam
494 2340 705 2391 autem
741 2348 1013 2414 graecam
1047 2326 1385 2415 provinciae
1417 2328 1604 2389 unius
1636 2330 1985 2415 proprietas
2019 2331 2295 2394 declara-

257 2437 377 2512 vit,
427 2456 619 2522 quam
667 2455 779 2496 rex
827 2431 1112 2521 Paganus
1155 2455 1232 2496 ex
1279 2453 1394 2496 suo
1438 2430 1696 2495 nomine
1744 2430 2191 2498 confirmavit:
2228 2442 2300 2498 ut

258 2542 578 2609 Romanos
595 2538 904 2603 Romulus
926 2538 1335 2626 nuncupavit,
1357 2550 1421 2603 et
1445 2550 1516 2602 ut
1543 2539 1626 2602 ait
1650 2537 1991 2612 Hesiodus,
2021 2562 2053 2602 a
2072 2537 2299 2605 Graeco

263 2669 411 2735 rege
451 2643 643 2709 fuisse
680 2643 935 2708 Graeeos
980 2649 1334 2733 appelatos,
1385 2645 1493 2735 qui
1531 2645 1788 2730 Graecus
1834 2641 2109 2711 nomine*
2136 2635 2302 2710 ssliu'·

263 2750 384 2815 suit
412 2748 837 2814 Deucalionis.
1910 2747 1915 2756 '

267 2974 566 3028 LXXXIV.
607 2973 921 3026 REM-:sis
958 2971 1049 3024 ΒΕ
1085 2971 1430 3024 ΔΝΝΟΙΠῘΜ
1463 2972 1697 3023 Momm
1732 2973 2303 3027 INCERTITUDINB.

357 3165 520 3232 Aua
552 3178 648 3231 est
670 3167 924 3233 haeresis
944 3216 960 3238 ‚
989 3187 1130 3253 quae
1150 3164 1304 3229 dicit
1334 3164 1645 3229 incertum
1668 3187 2009 3230 numerum
2043 3189 2177 3230 esse
2198 3167 2316 3248 ‘an'-

271 3292 508 3335 norum
547 3294 581 3334 a
623 3271 848 3335 mundi
891 3271 1193 3359 origine,
1222 3282 1286 3334 et
1328 3269 1613 3359 ignorare
1657 3271 1946 3335 homines
1999 3269 2313 3332 curricula

272 3388 636 3464 temporum
661 3426 678 3452 ,
719 3373 867 3440 cum
903 3378 982 3439 ab
1017 3376 1222 3440 Adam
1258 3397 1457 3461 usque
1493 3376 1571 3440 ad
1602 3373 1910 3438 diluvium
1946 3374 2166 3436 decem
2194 3371 2319 3437 sint

275 3481 740 3570 generationes,
763 3493 826 3545 et
853 3502 1172 3545 annorum
1199 3502 1537 3546 iimccxnmx
1567 3479 1731 3543 anni.
1772 3478 1852 3543 Et
1878 3501 1911 3542 a
1946 3476 2180 3542 diluvio
2210 3475 2322 3541 ὑὲ-

275 3610 402 3674 que
434 3591 515 3652 ad
541 3585 980 3656 confusionem
1012 3587 1371 3674 linguarum
1396 3587 1514 3650 sub
1541 3586 1753 3649 Heber
1775 3596 2025 3659 sancto,
2060 3583 2166 3671 qui
2194 3597 2318 3649 non

276 3704 688 3757 consenserat
716 3691 1123 3758 aedificationi
1161 3692 1349 3757 turris
1374 3743 1390 3766 ,
1420 3691 1636 3779 quinta
1672 3690 1750 3756 sit
1782 3689 2125 3779 generatim
2160 3693 2321 3778 pen'e

279 3819 357 3864 nc
386 3798 565 3872 anni3
601 3800 857 3889 quando
885 3812 951 3864 et
982 3799 1238 3863 nomina
1275 3788 1745 3887 provinciarum
1779 3796 1972 3862 divisa
1995 3799 2176 3874 sunt‘,
2212 3813 2322 3861 ve-

278 3905 400 3971 luti
427 3925 606 3972 “um
646 3906 1027 3995 linguarum.
1073 3906 1315 3972 Exinde
1351 3925 1554 3992 usque
1599 3906 1678 3970 ad
1702 3903 2026 3971 Abraham
2047 3899 2319 3992 patriar-

351 4051 368 4076 2
397 4038 558 4094 ond.
587 4057 750 4101 xxxii,
776 4043 827 4094 6.
2174 4025 2179 4036 ⁵
2216 4019 2221 4028 ⁸
