2982 4885
849 586 856 593 .
908 553 1091 599 nnn
1134 552 1216 599 nn
1261 547 1628 596 mnesteus.
2054 568 2067 573 κ
2164 524 2294 595 553

257 665 623 757 temporalis
677 665 1191 742 christianitatis,
1234 669 1344 731 sed
1394 660 1835 735 anteJudaeos
1870 672 1937 725 et
1979 683 2295 762 paganos,

263 773 328 839 in
357 775 496 861 lege
543 772 800 859 quidem
845 773 1284 844 studentibus,
1334 782 1398 835 et
1439 766 1866 856 quoerentibus
1911 778 2046 831 erat
2090 766 2298 831 mani-

262 876 500 943 festata.
553 878 691 942 Non
729 888 940 941 autem
975 876 1381 967 cupientibus
1421 870 1542 940 vox
1573 871 1777 938 Patris
1814 871 2300 960 omnipotentis-

261 1005 384 1069 que
433 980 687 1045 scientia
724 980 1134 1046 nuntiabatur
1174 1005 1206 1044 a
1240 979 1474 1044 sanctis
1505 977 1624 1041 illis
1657 975 2026 1041 doctoribus
2056 988 2121 1039 et
2150 999 2298 1062 per-

261 1084 460 1149 sectis.

349 1190 490 1255 Vita
526 1190 717 1256 etiam
764 1216 890 1256 nou
930 1192 1048 1256 alia
1080 1193 1323 1281 priores
1367 1191 1458 1257 illi
1499 1189 1701 1254 sancti
1732 1189 1847 1252 nisi
1883 1188 2000 1252 hac
2024 1238 2041 1262 ‚
2076 1188 2139 1251 in
2171 1208 2294 1273 qua

261 1318 376 1360 nos
401 1296 670 1361 vivimus
700 1298 1047 1361 utebantur
1076 1321 1092 1358 z
1127 1319 1331 1383 usque
1354 1297 1433 1360 ad
1456 1295 1779 1360 Abraham
1815 1294 1983 1357 enim
2012 1315 2140 1368 non
2169 1292 2295 1355 cir-

263 1401 715 1484 cumcisionem
749 1400 1226 1474 habentes,non
1263 1399 1589 1465 sacrificiis
1621 1400 1968 1487 gaudentes
2002 1399 2135 1462 Deo
2161 1398 2296 1483 pla-

262 1506 524 1580 cebant,
551 1517 616 1570 et
637 1505 788 1592 justi
814 1506 878 1570 in
903 1506 1201 1572 omnibus
1225 1508 1305 1573 ab
1335 1528 1411 1571 eo
1435 1506 1911 1572 nuntiabantur.
1939 1503 2110 1568 Dixit
2129 1501 2300 1564 enim

260 1608 501 1689 David:
539 1635 564 1668 ι
589 1607 984 1674 Sacrificium
1005 1611 1153 1679 ,Deo
1177 1632 1289 1675 cor
1319 1607 1884 1678 contribulatum&
1916 1634 1941 1668 n
1968 1606 2049 1670 Et
2078 1653 2095 1679 ,
2130 1632 2155 1663 ι
2179 1604 2301 1668 Im·

265 1715 478 1778 »mola
491 1714 626 1778 Deo
657 1711 1037 1781 sacrificium
1070 1716 1272 1781 laudis
1288 1715 1334 1781 ².
1369 1745 1396 1778 n

305 1832 310 1835 '
353 1818 432 1882 Et
464 1822 634 1905 quod
648 1821 1021 1887 necessitate
1052 1822 1459 1890 indocilitatis
1485 1838 1776 1912 cogente,
1814 1819 2121 1887 sacrificia
2147 1832 2303 1884 tom-

260 1925 530 2011 poralia,
569 1948 694 1989 non
735 1939 1072 2013 perpetua,
1107 1951 1226 1993 nec
1262 1929 1695 1993 vera-fuerunt
1746 1927 1981 1992 indicta
2035 1921 2295 1995 Jndaeis,

260 2049 378 2093 nec
400 2029 723 2105 salutaria,
758 2031 912 2095 dicit
942 2032 1257 2120 Propheta
1291 2037 1371 2098 ad
1403 2034 1664 2098 Judaeos
1688 2056 1703 2096 ε
1728 2060 1753 2092 α
1777 2032 1945 2096 Ecce
1986 2052 2102 2117 ego
2136 2027 2299 2092 facio

260 2154 462 2198 »nova
487 2132 539 2206 ⁸,
567 2162 591 2192 ι
637 2148 735 2205 et,
786 2135 1206 2221 «Priusquam
1251 2138 1542 2213 veniant,
1583 2137 1952 2202 annuntiata
1997 2148 2145 2200 sunt
2186 2156 2301 2197 voa-

259 2236 400 2299 »bis
438 2233 483 2298 ⁴.
533 2261 556 2292 n
605 2236 770 2298 Ante
810 2258 961 2320 ergo
1001 2238 1241 2301 Judaeis
1284 2241 1474 2301 Is’aIas
1518 2240 1871 2303 testabatur
1925 2239 2234 2325 propheta
2277 2261 2292 2300 ε

278 2364 302 2395 α
327 2336 487 2415 Quis
514 2336 684 2399 enim
717 2338 850 2399 haec
884 2337 1214 2423 exquisivit
1250 2339 1329 2402 de
1358 2340 1654 2403 manibus
1689 2338 1946 2404 vestris⁵
1984 2362 1999 2401 :
2028 2367 2052 2397 »
2084 2341 2160 2402 Et
2188 2340 2297 2403 ite·

259 2462 405 2505 rum
425 2489 444 2515 ,
465 2464 491 2498 «t
527 2439 1077 2506 Circumcidimini
1102 2441 1294 2507 corda
1327 2457 1531 2512 vestra
1558 2492 1575 2517 ,
1601 2453 1664 2506 et
1694 2464 1822 2506 non
1873 2464 2139 2529 corpora
2170 2465 2302 2505 ves·

259 2557 402 2609 ntra
427 2544 474 2609 ⁶.
506 2574 532 2604 n
557 2546 761 2624 Quale
794 2558 1004 2610 autem
1036 2561 1165 2622 est,
1209 2552 1382 2636 quod
1425 2547 1809 2630 sacrificium
1832 2545 2296 2612 Melchisedech
2346 2563 2349 2566 ·

260 2651 377 2715 sub
407 2648 728 2714 Abraham
765 2649 1070 2738 imprimis
1101 2655 1403 2720 obtulerit
1430 2677 1447 2718 ε
1484 2667 1631 2719 ante
1656 2653 2149 2741 quadringentos
2181 2649 2297 2713 tri-

260 2752 432 2841 ginta
472 2774 669 2817 annos
702 2775 892 2840 quam
922 2755 1121 2820 Judaei
1152 2759 1666 2832 nominarentur,
1697 2769 1808 2822 aut
1836 2757 2035 2821 Judas
2068 2777 2295 2820 nasce-

261 2868 437 2922 retur
471 2868 536 2921 et
558 2868 894 2948 antequam
921 2860 1282 2947 acciperent
1308 2863 1545 2926 librum
1569 2864 1907 2927 Geneseos.
1943 2861 2300 2926 Praevidens

261 2962 634 3048 mysterium
680 2949 1297 3038 christianitatis,·ut
1336 2966 1551 3029 omnia
1584 2987 1725 3052 quae
1749 2966 1812 3029 in
1842 2964 2297 3031 christianitate

262 3080 435 3142 sunt,
452 3070 578 3132 sive
590 3067 769 3144 fides,
787 3070 915 3134 sive
929 3069 1078 3143 vita,
1099 3069 1229 3134 sive
1246 3084 1739 3146 sacramentum,
1755 3093 1882 3136 non
1903 3071 2295 3158 temporalia,

262 3174 375 3236 sed
392 3173 469 3237 ab
486 3175 727 3262 origine
741 3175 965 3240 mundi
990 3188 1223 3240 statuta
1248 3160 1313 3241 et
1329 3178 1640 3252 nuntiata,
1658 3188 1720 3241 et
1744 3178 1953 3263 potius
1984 3176 2301 3240 celebrata

261 3297 627 3362 cognoscas.
692 3280 762 3342 In
797 3280 1046 3344 Christo
1079 3292 1292 3346 autem
1323 3293 1388 3347 et
1415 3305 1531 3369 per
1572 3279 1895 3346 Christum
1916 3331 1932 3355 ,
1956 3271 2080 3367 >per
2111 3299 2299 3365 quem

260 3395 490 3447 cuncta
515 3384 678 3448 facta
711 3397 882 3459 sunt,
926 3399 1296 3473 oportuerat
1327 3411 1440 3452 nos
1475 3390 1554 3452 ab
1585 3410 1661 3452 eo
1692 3386 1909 3451 videre
1945 3399 2010 3451 et
2041 3406 2301 3471 cognos-

262 3509 409 3553 cere
439 3512 454 3553 t
490 3501 552 3554 et
583 3495 755 3576 quod
784 3504 920 3556 erat
952 3492 1155 3578 majus
1191 3494 1254 3558 in
1294 3496 1433 3581 lege
1470 3494 1879 3580 mysterium,
1929 3494 2007 3557 de
2051 3513 2128 3554 eo
2162 3503 2307 3555 ante

259 3593 626 3657 nuntiatum
657 3595 736 3658 ab
770 3597 904 3682 ipso
949 3598 1195 3683 plenius
1235 3600 1529 3685 excipere
1576 3599 1960 3685 completum
2008 3617 2311 3661 consum-

235 3707 649 3781 (matrumque.

353 3798 510 3864 Nam
545 3804 715 3888 quod
754 3816 819 3867 et
857 3807 1109 3871 castitas
1143 3808 1362 3874 similis
1398 3808 1589 3874 suerit
1622 3806 1685 3873 in
1717 3807 2047 3895 Prophetis
2077 3830 2310 3896 quam-

241 3971 252 3980 =
329 3962 343 3985 ¹
375 3950 499 4001 Psal.
525 3969 570 4016 ι,
607 3969 682 4017 ¹9·
705 3982 763 3992 —
789 3970 806 3991 ⁸
844 3955 918 4004 ld.
947 3975 1078 4009 xcix.
1113 3959 1186 4018 ¹4·
1219 3987 1281 3997 —-
1303 3961 1326 3997 ³
1352 3959 1466 4010 lsai.
1491 3976 1630 4016 xun.
1651 3977 1727 4026 ¹9·
1749 3986 1807 3998 -
1833 3965 1853 4002 ⁴
1878 3959 1959 4008 ld.
1985 3976 2155 4016 xnvnn.
2183 3959 2308 4022 5,6.

261 4059 325 4069 —
348 4037 368 4069 Β
390 4032 466 4082 ld.
497 4051 533 4094 t,
557 4051 600 4084 ω.
623 4062 685 4073 -
703 4038 726 4071 ⁶
750 4038 939 4088 Jeoem.
959 4055 1025 4095 tv,
1046 4042 1094 4088 5.
