2982 4885
981 458 1544 503 srovn‘runem‘rs.
2165 443 2296 531 429

252 574 556 662 aspiciens
595 572 746 637 vidit
777 595 1081 660 puerum,
1117 584 1182 638 et
1206 572 1618 659 interrogavit
1639 595 1838 638 eum:
1875 576 2035 656 Quis
2069 592 2133 646 te
2168 579 2295 647 huc

251 679 504 743 attulit?
533 679 917 766 Respondit:
945 680 1133 744 Pater
1168 700 1349 743 meus
1382 678 1489 742 hie
1526 701 1629 743 me
1667 678 1977 767 projecit,
2008 696 2073 750 et
2110 686 2281 754 abiit.

244 785 413 851 Dicit
446 785 502 849 ei
535 807 761 855 senex:
786 783 1063 873 Surgens
1093 806 1424 871 assequere
1447 805 1615 847 eum.
1647 782 1998 873 Statimque
2026 792 2291 860 sanitate

248 904 613 981 recuperata
663 892 931 956 surrexit
973 904 1037 957 et
1081 903 1329 981 patrem
1380 903 1762 956 consecutus
1805 904 1946 957 est:
1988 908 2174 983 atque
2204 898 2288 966 ita

248 996 474 1067 revers-i
502 1009 648 1060 sunt
673 995 738 1060 in
761 996 1021 1059 domum
1048 1000 1244 1059 suam.

332 1098 502 1167 ΧΗ.
557 1100 768 1165 Abbas
781 1099 1088 1164 Macarius
1106 1121 1371 1186 magnus
1398 1097 1652 1164 dicebat
1677 1098 1978 1168 fratribus
1995 1103 2057 1168 in
2085 1105 2280 1184 Sceti,

205 1253 216 1263 .
243 1219 574 1293 postquam
612 1205 957 1269 Ecclesiam
989 1203 1326 1268 dimisisset
1352 1225 1367 1267 ε
1397 1202 1651 1290 Fugite,
1678 1204 1919 1272 fratres».
1951 1208 2055 1274 Ait
2082 1209 2168 1275 illi
2192 1234 2287 1277 se-

242 1310 492 1377 niorum
517 1310 812 1396 quidam;
840 1310 1137 1388 Quonam
1172 1308 1387 1393 sugere
1422 1310 1777 1398 poterimus
1799 1313 1963 1377 ultra
1987 1314 2281 1380 solitudi-

246 1437 390 1478 nem
415 1413 624 1479 hanc?
650 1415 789 1501 Ipse
814 1435 962 1478 vero
988 1413 1256 1500 digitum
1278 1435 1465 1477 suum
1493 1413 1570 1478 ad
1596 1436 1664 1478 os
1691 1416 1999 1503 ponebat,
2033 1418 2281 1485 dicens:

243 1517 466 1604 Fugite
498 1515 642 1579 hoc.
679 1516 846 1582 Tum
869 1515 1345 1604 ingrediebatur
1375 1516 1438 1580 in
1475 1514 1699 1584 cellam
1733 1541 1940 1595 suam,
1976 1533 2041 1586 et
2070 1524 2286 1588 clauso

241 1623 402 1691 ostio
429 1621 706 1686 sedebat.

330 1728 529 1794 Xvn.
588 1727 756 1792 Dixit
791 1727 958 1792 idem
990 1728 1205 1792 Abbas
1237 1727 1581 1793 Macarius:
1611 1725 1674 1793 Si
1700 1730 2065 1818 quempiam
2087 1731 2290 1798 incre·

236 1836 472 1922 pando,
516 1831 594 1895 ad
633 1830 791 1895 iram
835 1832 1291 1907 commoveris,
1335 1831 1590 1897 affectui
1626 1846 1738 1898 tuo
1774 1834 2099 1901 satisfacis.
2142 1835 2284 1903 Non

237 1938 429 2012 euim,
459 1949 528 2000 ut
555 1937 706 2001 alios
730 1938 953 2012 salves,
978 1938 1203 2024 perdes
1228 1937 1542 2025 teipsum.

323 2042 553 2107 XVIII.
607 2042 784 2107 Idem
826 2043 1041 2107 Abbas
1082 2042 1430 2118 Macarius,
1469 2046 1625 2108 dum
1665 2055 1829 2108 esset
1874 2044 1939 2108 in
1977 2038 2275 2137 AEgypto,

236 2146 473 2210 invenit
508 2146 829 2209 hominem
857 2147 1200 2211 habentem
1233 2146 1620 2232 jumentum,
1646 2160 1710 2210 et
1732 2149 2122 2234 praedantem
2138 2175 2283 2238 quae

236 2253 314 2315 ad
348 2272 533 2315 usum
565 2271 748 2311 suum
781 2249 1143 2333 possidebat
1172 2271 1189 2311 z
1227 2249 1359 2334 ipse
1389 2270 1539 2311 vero
1573 2260 1875 2333 tanquam
1907 2254 2281 2337 peregrinus

239 2368 446 2419 astans
471 2351 614 2426 sui-i,
646 2373 770 2419 una
794 2351 1096 2414 onerabat
1120 2351 1510 2435 jumentum,
1531 2372 1883 2437 magnaque
1902 2374 2049 2416 cum
2070 2356 2282 2440 quiete

238 2460 499 2524 deduxit
529 2480 701 2532 oum,
738 2458 1039 2531 dicens;«
1065 2456 1235 2521 Nihil
1266 2455 1595 2520 intulimus
1625 2455 1694 2520 in
1727 2458 2072 2523 mundum:
2108 2460 2281 2530 haud

237 2566 548 2630 »dubium
586 2564 759 2650 quod
803 2585 923 2626 nec
963 2561 1207 2626 auferre
1247 2560 1398 2649 quid
1434 2582 1787 2650 possumus.
1831 2562 2141 2631 Dominus
2173 2569 2277 2635 de-

237 2698 260 2728 »
283 2670 411 2733 dit:
443 2667 762 2756 sicutipse
783 2665 1007 2741 voluit,
1037 2666 1121 2731 ita
1146 2678 1209 2731 et
1230 2665 1469 2731 sactum
1501 2678 1613 2732 est.
1647 2665 2031 2733 Benedictus
2054 2669 2278 2738 Domi-

131 2807 136 2812 -
237 2801 262 2832 ι
285 2797 402 2837 nus
429 2774 490 2836 in
515 2770 868 2836 omnibus¹.
896 2798 922 2830 ι

325 2878 502 2943 xlx.
558 2879 1113 2964 Inter-rogaverunt
1143 2876 1401 2964 quidam
1438 2876 1757 2943 Abbatem
1796 2877 2142 2946 Maean-ium
2176 2884 2277 2948 di-

241 2998 487 3050 centes:
527 2984 868 3064 Quomodo
908 2984 1218 3048 debemus
1259 2980 1493 3047 orare?
1522 2974 1871 3071 Respondit
1908 2985 2010 3051 illo
2047 3010 2270 3055 senexz

239 3088 375 3154 Non
402 3112 556 3175 opus
588 3101 683 3153 est
715 3089 885 3176 loqui
924 3091 1222 3163 multum,
1259 3089 1806 3155 sedextendendae
1840 3103 1987 3157 sunt
2011 3116 2271 3173 manus,
2346 3147 2355 3154 .

240 3196 848 3282 proten-endumque:
884 3195 1195 3269 Domine,
1238 3196 1402 3261 sicut
1446 3196 1539 3260 vis
1569 3208 1633 3260 et
1660 3196 1825 3261 sicut
1855 3198 2046 3271 nosti,
2087 3193 2279 3264 mise-

242 3321 397 3363 rere.
423 3300 484 3362 Si
510 3313 718 3364 autem
744 3300 1049 3384 ingruerit
1075 3299 1436 3363 tentationis
1462 3300 1879 3387 impugnati0‚
1901 3298 2026 3361 dici
2051 3301 2276 3367 debet:

239 3404 532 3478 Domine,
577 3403 824 3488 adjuva.
864 3401 1005 3486 Ipse
1037 3400 1179 3471 scit,
1214 3422 1355 3483 quoe
1392 3403 1756 3486 expediant,
1793 3411 1859 3468 et
1885 3401 2036 3466 facit
2061 3403 2279 3468 nobis-

245 3528 390 3570 cum
431 3504 953 3570 misericordiam.

333 3609 479 3674 XX.
533 3609 704 3671 Dixit
749 3606 964 3672 Abbas
1008 3598 1363 3677 Macarius;
1408 3600 1475 3667 Si
1517 3603 1685 3689 apud
1725 3613 1790 3667 te
1819 3605 2091 3671 extiterit
2122 3629 2281 3672 con·-

243 3723 524 3801 temptus
557 3711 726 3776 velut
758 3712 923 3785 laus,
952 3719 1290 3798 paupertas
1317 3717 1613 3794 tanquam
1639 3706 1905 3782 divitiae,
1940 3705 2281 3800 indigentia

197 3903 216 3924 .
244 3820 409 3888 sicut
444 3813 853 3891 abundantia,
889 3839 1016 3882 nou
1049 3813 1337 3882 moreris.
1375 3809 1545 3884 Fieri
1574 3812 1747 3881 enim
1775 3836 1905 3882 non
1934 3825 2177 3905 potest,
2211 3831 2284 3890 ut

315 3965 332 3992 ⁸
363 3972 383 4006 ι
412 3955 542 4007 Tim.
567 3968 638 4015 vt,
659 3971 709 4021 7,
731 3962 780 4009 et
800 3953 917 4007 Job.
949 3971 986 4018 t,
1007 3969 1090 4010 υ.
