<?xml version="1.0" encoding="UTF-8"?>
<!DOCTYPE html PUBLIC "-//W3C//DTD XHTML 1.0 Transitional//EN"
    "http://www.w3.org/TR/xhtml1/DTD/xhtml1-transitional.dtd">
<html xmlns="http://www.w3.org/1999/xhtml" xml:lang="en" lang="en">
 <head>
  <title>
</title>
<meta http-equiv="Content-Type" content="text/html;charset=utf-8" />
  <meta name='ocr-system' content='tesseract 3.04.00' />
  <meta name='ocr-capabilities' content='ocr_page ocr_carea ocr_par ocr_line ocrx_word'/>
</head>
<body>
  <div class='ocr_page' id='page_1' title='image "./sanctorummacari00egypgoog_0380.png"; bbox 0 0 2982 4885; ppageno 0'>
   <div class='ocr_carea' id='block_1_1' title="bbox 562 533 1915 619">
    <p class='ocr_par' dir='ltr' id='par_1_1' title="bbox 562 533 1915 619">
     <span class='ocr_line' id='line_1_1' title="bbox 562 533 1915 619; baseline -0.004 -13"><span class='ocrx_word' id='word_1_1' title='bbox 562 537 693 619; x_wconf 71' lang='grc'>344</span> <span class='ocrx_word' id='word_1_2' title='bbox 1042 535 1089 568; x_wconf 60' lang='lat'>⁸²</span> <span class='ocrx_word' id='word_1_3' title='bbox 1234 533 1285 601; x_wconf 57' lang='grc' dir='ltr'>ις</span> <span class='ocrx_word' id='word_1_4' title='bbox 1339 558 1601 604; x_wconf 66' lang='lat' dir='ltr'>uacum</span> <span class='ocrx_word' id='word_1_5' title='bbox 1648 545 1915 602; x_wconf 60' lang='lat' dir='ltr'>aurern</span> 
     </span>
    </p>
   </div>
   <div class='ocr_carea' id='block_1_2' title="bbox 502 663 2598 3922">
    <p class='ocr_par' dir='ltr' id='par_1_2' title="bbox 541 663 2598 2025">
     <span class='ocr_line' id='line_1_2' title="bbox 558 663 2593 766; baseline 0 -24"><span class='ocrx_word' id='word_1_6' title='bbox 558 671 822 742; x_wconf 76' lang='lat' dir='ltr'>solvitur</span> <span class='ocrx_word' id='word_1_7' title='bbox 864 667 1167 764; x_wconf 85' lang='lat' dir='ltr'>corpore,</span> <span class='ocrx_word' id='word_1_8' title='bbox 1224 675 1471 740; x_wconf 82' lang='lat' dir='ltr'>sortiter</span> <span class='ocrx_word' id='word_1_9' title='bbox 1518 663 1884 747; x_wconf 81' lang='lat' dir='ltr'>decertans,</span> <span class='ocrx_word' id='word_1_10' title='bbox 1934 671 2214 738; x_wconf 86' lang='lat' dir='ltr'>studiose</span> <span class='ocrx_word' id='word_1_11' title='bbox 2268 686 2593 766; x_wconf 76' lang='lat' dir='ltr'>satagens,</span> 
     </span>
     <span class='ocr_line' id='line_1_3' title="bbox 554 779 2598 876; baseline -0 -29"><span class='ocrx_word' id='word_1_12' title='bbox 554 789 891 873; x_wconf 79' lang='lat' dir='ltr'>ex‘pectans</span> <span class='ocrx_word' id='word_1_13' title='bbox 929 780 1452 869; x_wconf 75' lang='lat' dir='ltr'>promissionem.</span> <span class='ocrx_word' id='word_1_14' title='bbox 1487 801 1916 876; x_wconf 79' lang='lat' dir='ltr'>perseverans,</span> <span class='ocrx_word' id='word_1_15' title='bbox 1947 780 2237 851; x_wconf 84' lang='lat' dir='ltr'>credens,</span> <span class='ocrx_word' id='word_1_16' title='bbox 2274 779 2339 843; x_wconf 86' lang='lat' dir='ltr'>iu</span> <span class='ocrx_word' id='word_1_17' title='bbox 2367 781 2598 846; x_wconf 73' lang='lat' dir='ltr'>discre-</span> 
     </span>
     <span class='ocr_line' id='line_1_4' title="bbox 553 883 2594 976; baseline -0 -23"><span class='ocrx_word' id='word_1_18' title='bbox 553 883 727 954; x_wconf 86' lang='lat' dir='ltr'>tione</span> <span class='ocrx_word' id='word_1_19' title='bbox 760 910 1091 976; x_wconf 68' lang='lat' dir='ltr'>quaerens·</span> <span class='ocrx_word' id='word_1_20' title='bbox 1072 934 1090 961; x_wconf 89' lang='lat'>‚</span> <span class='ocrx_word' id='word_1_21' title='bbox 1118 898 1182 953; x_wconf 87' lang='lat' dir='ltr'>et</span> <span class='ocrx_word' id='word_1_22' title='bbox 1212 886 1465 973; x_wconf 82' lang='lat' dir='ltr'>egotibi</span> <span class='ocrx_word' id='word_1_23' title='bbox 1502 885 1668 959; x_wconf 88' lang='lat' dir='ltr'>dico,</span> <span class='ocrx_word' id='word_1_24' title='bbox 1700 908 1816 949; x_wconf 85' lang='lat' dir='ltr'>nec</span> <span class='ocrx_word' id='word_1_25' title='bbox 1843 887 2106 949; x_wconf 89' lang='lat' dir='ltr'>credere</span> <span class='ocrx_word' id='word_1_26' title='bbox 2139 885 2417 960; x_wconf 81' lang='lat' dir='ltr'>dubites,</span> <span class='ocrx_word' id='word_1_27' title='bbox 2447 910 2594 952; x_wconf 89' lang='lat' dir='ltr'>cum</span> 
     </span>
     <span class='ocr_line' id='line_1_5' title="bbox 554 936 2588 1086; baseline -0.001 -26"><span class='ocrx_word' id='word_1_28' title='bbox 554 995 784 1086; x_wconf 85' lang='lat' dir='ltr'>gaudio</span> <span class='ocrx_word' id='word_1_29' title='bbox 818 994 1060 1068; x_wconf 86' lang='lat' dir='ltr'>abibis,</span> <span class='ocrx_word' id='word_1_30' title='bbox 1113 1005 1178 1058; x_wconf 87' lang='lat' dir='ltr'>et</span> <span class='ocrx_word' id='word_1_31' title='bbox 1224 936 1523 1058; x_wconf 57' lang='lat' dir='ltr'>{induciam</span> <span class='ocrx_word' id='word_1_32' title='bbox 1573 992 1875 1066; x_wconf 87' lang='lat' dir='ltr'>habebis,</span> <span class='ocrx_word' id='word_1_33' title='bbox 1926 1003 1991 1056; x_wconf 86' lang='lat' dir='ltr'>et</span> <span class='ocrx_word' id='word_1_34' title='bbox 2043 1014 2238 1078; x_wconf 72' lang='lat' dir='ltr'>regno</span> <span class='ocrx_word' id='word_1_35' title='bbox 2281 992 2588 1058; x_wconf 63' lang='lat' dir='ltr'>xideberis</span> 
     </span>
     <span class='ocr_line' id='line_1_6' title="bbox 555 1093 2590 1196; baseline -0.002 -28"><span class='ocrx_word' id='word_1_36' title='bbox 555 1101 802 1191; x_wconf 78' lang='lat' dir='ltr'>dignus,</span> <span class='ocrx_word' id='word_1_37' title='bbox 844 1098 1099 1196; x_wconf 82' lang='lat' dir='ltr'>Etenim</span> <span class='ocrx_word' id='word_1_38' title='bbox 1134 1099 1271 1164; x_wconf 85' lang='lat' dir='ltr'>talis</span> <span class='ocrx_word' id='word_1_39' title='bbox 1307 1099 1405 1182; x_wconf 91' lang='lat' dir='ltr'>(in</span> <span class='ocrx_word' id='word_1_40' title='bbox 1443 1097 1748 1162; x_wconf 69' lang='lat' dir='ltr'>tenuitate</span> <span class='ocrx_word' id='word_1_41' title='bbox 1779 1118 1916 1161; x_wconf 87' lang='lat' dir='ltr'>mea</span> <span class='ocrx_word' id='word_1_42' title='bbox 1952 1118 2069 1185; x_wconf 86' lang='lat' dir='ltr'>pcr</span> <span class='ocrx_word' id='word_1_43' title='bbox 2102 1093 2289 1161; x_wconf 85' lang='lat' dir='ltr'>fidem</span> <span class='ocrx_word' id='word_1_44' title='bbox 2323 1105 2386 1162; x_wconf 80' lang='lat' dir='ltr'>et</span> <span class='ocrx_word' id='word_1_45' title='bbox 2421 1099 2590 1187; x_wconf 87' lang='lat' dir='ltr'>piam</span> 
     </span>
     <span class='ocr_line' id='line_1_7' title="bbox 553 1199 2588 1296; baseline -0.001 -24"><span class='ocrx_word' id='word_1_46' title='bbox 553 1205 1003 1272; x_wconf 63' lang='lat' dir='ltr'>Confidentiam</span> <span class='ocrx_word' id='word_1_47' title='bbox 1036 1203 1179 1287; x_wconf 84' lang='lat' dir='ltr'>aio)</span> <span class='ocrx_word' id='word_1_48' title='bbox 1224 1202 1650 1296; x_wconf 23' lang='lat' dir='ltr'>talisainquam</span> <span class='ocrx_word' id='word_1_49' title='bbox 1686 1201 1813 1288; x_wconf 87' lang='lat' dir='ltr'>jam</span> <span class='ocrx_word' id='word_1_50' title='bbox 1841 1200 1979 1265; x_wconf 91' lang='lat' dir='ltr'>Deo</span> <span class='ocrx_word' id='word_1_51' title='bbox 2013 1199 2456 1266; x_wconf 84' lang='lat' dir='ltr'>communicat.</span> <span class='ocrx_word' id='word_1_52' title='bbox 2509 1203 2588 1269; x_wconf 83' lang='lat' dir='ltr'>Ut</span> 
     </span>
     <span class='ocr_line' id='line_1_8' title="bbox 551 1291 2574 1394; baseline -0.003 -17"><span class='ocrx_word' id='word_1_53' title='bbox 551 1291 759 1386; x_wconf 86' lang='lat' dir='ltr'>enim,</span> <span class='ocrx_word' id='word_1_54' title='bbox 810 1338 834 1369; x_wconf 74' lang='grc' dir='ltr'>ι</span> <span class='ocrx_word' id='word_1_55' title='bbox 874 1308 999 1390; x_wconf 87' lang='lat' dir='ltr'>Qui</span> <span class='ocrx_word' id='word_1_56' title='bbox 1034 1308 1259 1373; x_wconf 86' lang='lat' dir='ltr'>viderit</span> <span class='ocrx_word' id='word_1_57' title='bbox 1294 1310 1626 1374; x_wconf 89' lang='lat' dir='ltr'>mulierem</span> <span class='ocrx_word' id='word_1_58' title='bbox 1674 1308 1754 1371; x_wconf 89' lang='lat' dir='ltr'>ad</span> <span class='ocrx_word' id='word_1_59' title='bbox 1786 1307 2359 1394; x_wconf 82' lang='lat' dir='ltr'>concupiscendum</span> <span class='ocrx_word' id='word_1_60' title='bbox 2398 1329 2574 1382; x_wconf 88' lang='lat' dir='ltr'>eam,</span> 
     </span>
     <span class='ocr_line' id='line_1_9' title="bbox 552 1391 2580 1506; baseline -0 -27"><span class='ocrx_word' id='word_1_61' title='bbox 552 1391 727 1506; x_wconf 76' lang='lat' dir='ltr'>»jam</span> <span class='ocrx_word' id='word_1_62' title='bbox 756 1416 1110 1482; x_wconf 86' lang='lat' dir='ltr'>moechatus</span> <span class='ocrx_word' id='word_1_63' title='bbox 1138 1428 1233 1483; x_wconf 86' lang='lat' dir='ltr'>est</span> <span class='ocrx_word' id='word_1_64' title='bbox 1264 1439 1404 1481; x_wconf 85' lang='lat' dir='ltr'>eam</span> <span class='ocrx_word' id='word_1_65' title='bbox 1438 1415 1505 1481; x_wconf 90' lang='lat' dir='ltr'>in</span> <span class='ocrx_word' id='word_1_66' title='bbox 1536 1415 1729 1480; x_wconf 86' lang='lat' dir='ltr'>corde</span> <span class='ocrx_word' id='word_1_67' title='bbox 1759 1411 1908 1478; x_wconf 83' lang='lat' dir='ltr'>suo¹</span> <span class='ocrx_word' id='word_1_68' title='bbox 1946 1439 1964 1488; x_wconf 79' lang='lat'><em>3</em></span> <span class='ocrx_word' id='word_1_69' title='bbox 2001 1413 2160 1478; x_wconf 78' lang='lat' dir='ltr'>»etsi</span> <span class='ocrx_word' id='word_1_70' title='bbox 2191 1413 2441 1478; x_wconf 88' lang='lat' dir='ltr'>minime</span> <span class='ocrx_word' id='word_1_71' title='bbox 2472 1412 2580 1478; x_wconf 82' lang='lat' dir='ltr'>hic</span> 
     </span>
     <span class='ocr_line' id='line_1_10' title="bbox 549 1518 2587 1612; baseline -0.003 -24"><span class='ocrx_word' id='word_1_72' title='bbox 549 1519 740 1588; x_wconf 86' lang='lat' dir='ltr'>suerit</span> <span class='ocrx_word' id='word_1_73' title='bbox 786 1545 1054 1612; x_wconf 85' lang='lat' dir='ltr'>corpore</span> <span class='ocrx_word' id='word_1_74' title='bbox 1096 1523 1375 1611; x_wconf 85' lang='lat' dir='ltr'>pollutus</span> <span class='ocrx_word' id='word_1_75' title='bbox 1410 1572 1426 1599; x_wconf 92' lang='lat'><em>,</em></span> <span class='ocrx_word' id='word_1_76' title='bbox 1486 1534 1698 1586; x_wconf 75' lang='lat' dir='ltr'>tamen</span> <span class='ocrx_word' id='word_1_77' title='bbox 1740 1519 1870 1606; x_wconf 87' lang='lat' dir='ltr'>jam</span> <span class='ocrx_word' id='word_1_78' title='bbox 1897 1518 2207 1584; x_wconf 75' lang='lat' dir='ltr'>‘adulterii</span> <span class='ocrx_word' id='word_1_79' title='bbox 2263 1528 2587 1606; x_wconf 84' lang='lat' dir='ltr'>reputatur</span> 
     </span>
     <span class='ocr_line' id='line_1_11' title="bbox 550 1623 2589 1715; baseline -0.003 -23"><span class='ocrx_word' id='word_1_80' title='bbox 550 1649 718 1693; x_wconf 83' lang='lat' dir='ltr'>reus.</span> <span class='ocrx_word' id='word_1_81' title='bbox 752 1626 858 1692; x_wconf 89' lang='lat' dir='ltr'>Sic</span> <span class='ocrx_word' id='word_1_82' title='bbox 890 1627 998 1715; x_wconf 91' lang='lat' dir='ltr'>qui</span> <span class='ocrx_word' id='word_1_83' title='bbox 1031 1650 1141 1692; x_wconf 86' lang='lat' dir='ltr'>cor</span> <span class='ocrx_word' id='word_1_84' title='bbox 1159 1627 1415 1714; x_wconf 85' lang='lat' dir='ltr'>quidem</span> <span class='ocrx_word' id='word_1_85' title='bbox 1449 1648 1636 1691; x_wconf 89' lang='lat' dir='ltr'>suum</span> <span class='ocrx_word' id='word_1_86' title='bbox 1663 1647 1695 1688; x_wconf 90' lang='lat' dir='ltr'>a</span> <span class='ocrx_word' id='word_1_87' title='bbox 1730 1625 1912 1688; x_wconf 83' lang='lat' dir='ltr'>malis</span> <span class='ocrx_word' id='word_1_88' title='bbox 1937 1623 2184 1697; x_wconf 75' lang='lat' dir='ltr'>avertit,</span> <span class='ocrx_word' id='word_1_89' title='bbox 2215 1624 2352 1689; x_wconf 88' lang='lat' dir='ltr'>Dco</span> <span class='ocrx_word' id='word_1_90' title='bbox 2377 1636 2589 1688; x_wconf 86' lang='lat' dir='ltr'>autem</span> 
     </span>
     <span class='ocr_line' id='line_1_12' title="bbox 547 1727 2589 1816; baseline -0.002 -19"><span class='ocrx_word' id='word_1_91' title='bbox 547 1731 876 1797; x_wconf 75' lang='lat' dir='ltr'>adhaerens</span> <span class='ocrx_word' id='word_1_92' title='bbox 920 1729 1234 1795; x_wconf 83' lang='lat' dir='ltr'>desiderio</span> <span class='ocrx_word' id='word_1_93' title='bbox 1286 1741 1350 1793; x_wconf 86' lang='lat' dir='ltr'>et</span> <span class='ocrx_word' id='word_1_94' title='bbox 1402 1727 1850 1814; x_wconf 76' lang='lat' dir='ltr'>inquisitione,</span> <span class='ocrx_word' id='word_1_95' title='bbox 1899 1727 2365 1813; x_wconf 82' lang='lat' dir='ltr'>perseverantia</span> <span class='ocrx_word' id='word_1_96' title='bbox 2422 1727 2589 1816; x_wconf 84' lang='lat' dir='ltr'>apud</span> 
     </span>
     <span class='ocr_line' id='line_1_13' title="bbox 541 1821 2592 1920; baseline -0.002 -18"><span class='ocrx_word' id='word_1_97' title='bbox 541 1821 773 1909; x_wconf 76' lang='lat' dir='ltr'>Deum,</span> <span class='ocrx_word' id='word_1_98' title='bbox 812 1857 883 1900; x_wconf 88' lang='lat' dir='ltr'>ac</span> <span class='ocrx_word' id='word_1_99' title='bbox 918 1832 1269 1920; x_wconf 84' lang='lat' dir='ltr'>flagrante</span> <span class='ocrx_word' id='word_1_100' title='bbox 1253 1854 1316 1896; x_wconf 88' lang='grc' dir='ltr'>ιιι</span> <span class='ocrx_word' id='word_1_101' title='bbox 1355 1831 1472 1895; x_wconf 89' lang='lat' dir='ltr'>Dei</span> <span class='ocrx_word' id='word_1_102' title='bbox 1507 1851 1789 1894; x_wconf 89' lang='lat' dir='ltr'>amorem</span> <span class='ocrx_word' id='word_1_103' title='bbox 1820 1830 2142 1917; x_wconf 87' lang='lat' dir='ltr'>proposito</span> <span class='ocrx_word' id='word_1_104' title='bbox 2177 1831 2397 1906; x_wconf 84' lang='lat' dir='ltr'>animi,</span> <span class='ocrx_word' id='word_1_105' title='bbox 2435 1833 2592 1917; x_wconf 88' lang='lat' dir='ltr'>jam·</span> 
     </span>
     <span class='ocr_line' id='line_1_14' title="bbox 544 1934 2589 2025; baseline 0 -22"><span class='ocrx_word' id='word_1_106' title='bbox 544 1938 671 2025; x_wconf 85' lang='lat' dir='ltr'>jam</span> <span class='ocrx_word' id='word_1_107' title='bbox 700 1935 876 2023; x_wconf 83' lang='lat' dir='ltr'>quasi</span> <span class='ocrx_word' id='word_1_108' title='bbox 911 1935 1228 2023; x_wconf 77' lang='lat' dir='ltr'>particeps</span> <span class='ocrx_word' id='word_1_109' title='bbox 1253 1934 1366 2000; x_wconf 90' lang='lat' dir='ltr'>Dei</span> <span class='ocrx_word' id='word_1_110' title='bbox 1398 1946 1541 2006; x_wconf 86' lang='lat' dir='ltr'>est;</span> <span class='ocrx_word' id='word_1_111' title='bbox 1569 1945 1744 1997; x_wconf 88' lang='lat' dir='ltr'>corte</span> <span class='ocrx_word' id='word_1_112' title='bbox 1775 1955 2074 2021; x_wconf 80' lang='lat' dir='ltr'>magnum</span> <span class='ocrx_word' id='word_1_113' title='bbox 2108 1935 2362 1998; x_wconf 87' lang='lat' dir='ltr'>donum</span> <span class='ocrx_word' id='word_1_114' title='bbox 2373 1939 2589 2003; x_wconf 74' lang='lat' dir='ltr'>statim</span> 
     </span>
    </p>

    <p class='ocr_par' dir='ltr' id='par_1_3' title="bbox 502 2022 2580 2553">
     <span class='ocr_line' id='line_1_15' title="bbox 502 2022 2580 2129; baseline 0 -20"><span class='ocrx_word' id='word_1_115' title='bbox 502 2069 511 2074; x_wconf 73' lang='grc'>’</span> <span class='ocrx_word' id='word_1_116' title='bbox 548 2068 582 2109; x_wconf 89' lang='lat' dir='ltr'>a</span> <span class='ocrx_word' id='word_1_117' title='bbox 607 2043 738 2109; x_wconf 89' lang='lat' dir='ltr'>Deo</span> <span class='ocrx_word' id='word_1_118' title='bbox 773 2037 1005 2114; x_wconf 78' lang='lat' dir='ltr'>habet,</span> <span class='ocrx_word' id='word_1_119' title='bbox 1038 2040 1220 2105; x_wconf 87' lang='lat' dir='ltr'>istam</span> <span class='ocrx_word' id='word_1_120' title='bbox 1248 2040 1447 2129; x_wconf 83' lang='lat' dir='ltr'>i&#39;psam</span> <span class='ocrx_word' id='word_1_121' title='bbox 1479 2022 1897 2127; x_wconf 76' lang='lat' dir='ltr'>persistendi</span> <span class='ocrx_word' id='word_1_122' title='bbox 1881 2062 1943 2103; x_wconf 90' lang='grc' dir='ltr'>ιιι</span> <span class='ocrx_word' id='word_1_123' title='bbox 1962 2039 2247 2104; x_wconf 87' lang='lat' dir='ltr'>oratione</span> <span class='ocrx_word' id='word_1_124' title='bbox 2279 2043 2580 2129; x_wconf 76' lang='lat' dir='ltr'>gratiam,</span> 
     </span>
     <span class='ocr_line' id='line_1_16' title="bbox 542 2139 2568 2220; baseline 0.001 -8"><span class='ocrx_word' id='word_1_125' title='bbox 542 2144 729 2212; x_wconf 83' lang='lat' dir='ltr'>simul</span> <span class='ocrx_word' id='word_1_126' title='bbox 752 2168 901 2210; x_wconf 88' lang='lat' dir='ltr'>cum</span> <span class='ocrx_word' id='word_1_127' title='bbox 934 2145 1105 2211; x_wconf 89' lang='lat' dir='ltr'>hono</span> <span class='ocrx_word' id='word_1_128' title='bbox 1131 2146 1374 2220; x_wconf 86' lang='lat' dir='ltr'>studio,</span> <span class='ocrx_word' id='word_1_129' title='bbox 1411 2159 1476 2210; x_wconf 86' lang='lat' dir='ltr'>et</span> <span class='ocrx_word' id='word_1_130' title='bbox 1511 2139 1989 2210; x_wconf 84' lang='lat' dir='ltr'>conversatione</span> <span class='ocrx_word' id='word_1_131' title='bbox 2020 2146 2269 2211; x_wconf 76' lang='lat' dir='ltr'>virtutis</span> <span class='ocrx_word' id='word_1_132' title='bbox 2304 2163 2568 2215; x_wconf 87' lang='lat' dir='ltr'>amante.</span> 
     </span>
     <span class='ocr_line' id='line_1_17' title="bbox 540 2235 2578 2371; baseline 0.001 -52"><span class='ocrx_word' id='word_1_133' title='bbox 540 2247 606 2319; x_wconf 87' lang='lat' dir='ltr'>Si</span> <span class='ocrx_word' id='word_1_134' title='bbox 633 2235 805 2315; x_wconf 82' lang='lat' dir='ltr'>enlm</span> <span class='ocrx_word' id='word_1_135' title='bbox 839 2274 919 2315; x_wconf 91' lang='lat' dir='ltr'>ne</span> <span class='ocrx_word' id='word_1_136' title='bbox 960 2251 1174 2318; x_wconf 88' lang='lat' dir='ltr'>calicis</span> <span class='ocrx_word' id='word_1_137' title='bbox 1206 2251 1477 2371; x_wconf 87' lang='lat' dir='ltr'>quidem</span> <span class='ocrx_word' id='word_1_138' title='bbox 1506 2249 1746 2338; x_wconf 78' lang='lat' dir='ltr'>frigidm</span> <span class='ocrx_word' id='word_1_139' title='bbox 1781 2251 2060 2315; x_wconf 88' lang='lat' dir='ltr'>donatio</span> <span class='ocrx_word' id='word_1_140' title='bbox 2080 2253 2400 2319; x_wconf 78' lang='lat' dir='ltr'>mercede</span> <span class='ocrx_word' id='word_1_141' title='bbox 2415 2268 2578 2321; x_wconf 84' lang='lat' dir='ltr'>caret</span> 
     </span>
     <span class='ocr_line' id='line_1_18' title="bbox 542 2354 2580 2449; baseline 0.002 -28"><span class='ocrx_word' id='word_1_142' title='bbox 542 2379 697 2430; x_wconf 84' lang='lat' dir='ltr'>sua,</span> <span class='ocrx_word' id='word_1_143' title='bbox 732 2366 973 2444; x_wconf 84' lang='lat' dir='ltr'>quanto</span> <span class='ocrx_word' id='word_1_144' title='bbox 998 2357 1196 2446; x_wconf 84' lang='lat' dir='ltr'>magis</span> <span class='ocrx_word' id='word_1_145' title='bbox 1229 2356 1335 2430; x_wconf 89' lang='lat' dir='ltr'>iis,</span> <span class='ocrx_word' id='word_1_146' title='bbox 1372 2356 1481 2444; x_wconf 88' lang='lat' dir='ltr'>qui</span> <span class='ocrx_word' id='word_1_147' title='bbox 1506 2354 1612 2420; x_wconf 89' lang='lat' dir='ltr'>diu</span> <span class='ocrx_word' id='word_1_148' title='bbox 1638 2367 1960 2442; x_wconf 87' lang='lat' dir='ltr'>noctuque</span> <span class='ocrx_word' id='word_1_149' title='bbox 1998 2356 2255 2421; x_wconf 83' lang='lat' dir='ltr'>intentis</span> <span class='ocrx_word' id='word_1_150' title='bbox 2287 2358 2349 2422; x_wconf 91' lang='lat' dir='ltr'>in</span> <span class='ocrx_word' id='word_1_151' title='bbox 2380 2360 2580 2449; x_wconf 84' lang='lat' dir='ltr'>ipsum</span> 
     </span>
     <span class='ocr_line' id='line_1_19' title="bbox 536 2452 2315 2553; baseline 0.001 -25"><span class='ocrx_word' id='word_1_152' title='bbox 536 2452 736 2531; x_wconf 84' lang='lat' dir='ltr'>oculis</span> <span class='ocrx_word' id='word_1_153' title='bbox 758 2466 835 2529; x_wconf 83' lang='lat' dir='ltr'>ab</span> <span class='ocrx_word' id='word_1_154' title='bbox 864 2487 940 2529; x_wconf 87' lang='lat' dir='ltr'>eo</span> <span class='ocrx_word' id='word_1_155' title='bbox 965 2466 1310 2553; x_wconf 86' lang='lat' dir='ltr'>postulant,</span> <span class='ocrx_word' id='word_1_156' title='bbox 1342 2463 1726 2552; x_wconf 87' lang='lat' dir='ltr'>promissum</span> <span class='ocrx_word' id='word_1_157' title='bbox 1759 2463 1928 2528; x_wconf 87' lang='lat' dir='ltr'>Deus</span> <span class='ocrx_word' id='word_1_158' title='bbox 1960 2465 2303 2552; x_wconf 74' lang='lat' dir='ltr'>praebcbit.</span> <span class='ocrx_word' id='word_1_159' title='bbox 2286 2465 2315 2510; x_wconf 65' lang='grc' dir='ltr'>ἵ)</span> 
     </span>
    </p>

    <p class='ocr_par' dir='ltr' id='par_1_4' title="bbox 532 2568 2579 3922">
     <span class='ocr_line' id='line_1_20' title="bbox 560 2568 2570 2657; baseline 0.001 -22.067"><span class='ocrx_word' id='word_1_160' title='bbox 560 2568 740 2635; x_wconf 90' lang='grc' dir='ltr'>ΙΧ.</span> <span class='ocrx_word' id='word_1_161' title='bbox 797 2569 963 2643; x_wconf 85' lang='lat' dir='ltr'>Illis,</span> <span class='ocrx_word' id='word_1_162' title='bbox 1006 2570 1114 2657; x_wconf 90' lang='lat' dir='ltr'>qui</span> <span class='ocrx_word' id='word_1_163' title='bbox 1140 2571 1324 2653; x_wconf 85' lang='lat' dir='ltr'>anxio</span> <span class='ocrx_word' id='word_1_164' title='bbox 1360 2568 1572 2633; x_wconf 86' lang='lat' dir='ltr'>animo</span> <span class='ocrx_word' id='word_1_165' title='bbox 1605 2579 1942 2633; x_wconf 67' lang='lat' dir='ltr'>aestuantes</span> <span class='ocrx_word' id='word_1_166' title='bbox 1975 2569 2241 2636; x_wconf 86' lang='lat' dir='ltr'>dicunt.</span> <span class='ocrx_word' id='word_1_167' title='bbox 2285 2598 2309 2630; x_wconf 77' lang='grc' dir='ltr'>ι</span> <span class='ocrx_word' id='word_1_168' title='bbox 2332 2572 2422 2637; x_wconf 83' lang='grc' dir='ltr'>Ειι</span> <span class='ocrx_word' id='word_1_169' title='bbox 2452 2571 2570 2637; x_wconf 79' lang='lat' dir='ltr'>erit</span> 
     </span>
     <span class='ocr_line' id='line_1_21' title="bbox 540 2662 2574 2761; baseline 0.001 -22"><span class='ocrx_word' id='word_1_170' title='bbox 540 2674 643 2741; x_wconf 89' lang='lat' dir='ltr'>illa</span> <span class='ocrx_word' id='word_1_171' title='bbox 675 2696 955 2761; x_wconf 88' lang='lat' dir='ltr'>unquam</span> <span class='ocrx_word' id='word_1_172' title='bbox 1006 2674 1173 2748; x_wconf 89' lang='lat' dir='ltr'>dies,</span> <span class='ocrx_word' id='word_1_173' title='bbox 1224 2662 1347 2760; x_wconf 85' lang='lat' dir='ltr'>qua</span> <span class='ocrx_word' id='word_1_174' title='bbox 1393 2696 1524 2737; x_wconf 87' lang='lat' dir='ltr'>non</span> <span class='ocrx_word' id='word_1_175' title='bbox 1564 2674 1830 2738; x_wconf 88' lang='lat' dir='ltr'>sentiam</span> <span class='ocrx_word' id='word_1_176' title='bbox 1877 2676 2264 2740; x_wconf 79' lang='lat' dir='ltr'>aversionem</span> <span class='ocrx_word' id='word_1_177' title='bbox 2308 2676 2498 2741; x_wconf 84' lang='lat' dir='ltr'>animi</span> <span class='ocrx_word' id='word_1_178' title='bbox 2540 2698 2574 2741; x_wconf 86' lang='lat' dir='ltr'>a</span> 
     </span>
     <span class='ocr_line' id='line_1_22' title="bbox 536 2766 2579 2875; baseline 0.001 -30"><span class='ocrx_word' id='word_1_179' title='bbox 536 2766 761 2855; x_wconf 76' lang='lat' dir='ltr'>fratre,</span> <span class='ocrx_word' id='word_1_180' title='bbox 800 2791 909 2843; x_wconf 84' lang='lat' dir='ltr'>aut</span> <span class='ocrx_word' id='word_1_181' title='bbox 934 2777 1082 2875; x_wconf 77' lang='lat' dir='ltr'>alias</span> <span class='ocrx_word' id='word_1_182' title='bbox 1113 2777 1347 2844; x_wconf 85' lang='lat' dir='ltr'>similes</span> <span class='ocrx_word' id='word_1_183' title='bbox 1372 2827 1387 2855; x_wconf 91' lang='lat'>‚</span> <span class='ocrx_word' id='word_1_184' title='bbox 1419 2803 1690 2867; x_wconf 87' lang='lat' dir='ltr'>quarum</span> <span class='ocrx_word' id='word_1_185' title='bbox 1723 2781 1880 2845; x_wconf 88' lang='lat' dir='ltr'>mihi</span> <span class='ocrx_word' id='word_1_186' title='bbox 1913 2804 2053 2845; x_wconf 89' lang='lat' dir='ltr'>sum</span> <span class='ocrx_word' id='word_1_187' title='bbox 2080 2781 2404 2858; x_wconf 87' lang='lat' dir='ltr'>conscius,</span> <span class='ocrx_word' id='word_1_188' title='bbox 2433 2805 2579 2873; x_wconf 86' lang='lat' dir='ltr'>pra-</span> 
     </span>
     <span class='ocr_line' id='line_1_23' title="bbox 541 2880 2578 2977; baseline -0 -24"><span class='ocrx_word' id='word_1_189' title='bbox 541 2909 646 2977; x_wconf 63' lang='lat' dir='ltr'>tfae</span> <span class='ocrx_word' id='word_1_190' title='bbox 671 2880 1045 2952; x_wconf 47' lang='lat' dir='ltr'>*affectiones</span> <span class='ocrx_word' id='word_1_191' title='bbox 1069 2931 1087 2957; x_wconf 90' lang='lat'><strong>,</strong></span> <span class='ocrx_word' id='word_1_192' title='bbox 1132 2905 1287 2969; x_wconf 86' lang='lat' dir='ltr'>quas</span> <span class='ocrx_word' id='word_1_193' title='bbox 1324 2883 1584 2970; x_wconf 87' lang='lat' dir='ltr'>quidem</span> <span class='ocrx_word' id='word_1_194' title='bbox 1617 2883 1850 2949; x_wconf 77' lang='lat' dir='ltr'>invitus</span> <span class='ocrx_word' id='word_1_195' title='bbox 1883 2887 2088 2974; x_wconf 83' lang='lat' dir='ltr'>patior</span> <span class='ocrx_word' id='word_1_196' title='bbox 2113 2913 2131 2962; x_wconf 81' lang='lat'>3</span> <span class='ocrx_word' id='word_1_197' title='bbox 2159 2916 2183 2948; x_wconf 71' lang='grc' dir='ltr'>ι</span> <span class='ocrx_word' id='word_1_198' title='bbox 2223 2888 2357 2953; x_wconf 87' lang='lat' dir='ltr'>haec</span> <span class='ocrx_word' id='word_1_199' title='bbox 2391 2910 2578 2976; x_wconf 86' lang='lat' dir='ltr'>repo-</span> 
     </span>
     <span class='ocr_line' id='line_1_24' title="bbox 539 2988 2572 3080; baseline 0.001 -25"><span class='ocrx_word' id='word_1_200' title='bbox 539 2992 745 3055; x_wconf 81' lang='lat' dir='ltr'>nenda</span> <span class='ocrx_word' id='word_1_201' title='bbox 782 3000 970 3053; x_wconf 87' lang='lat' dir='ltr'>sunt:</span> <span class='ocrx_word' id='word_1_202' title='bbox 1006 2988 1261 3053; x_wconf 81' lang='lat' dir='ltr'>Homini</span> <span class='ocrx_word' id='word_1_203' title='bbox 1308 3002 1631 3055; x_wconf 86' lang='lat' dir='ltr'>certamen</span> <span class='ocrx_word' id='word_1_204' title='bbox 1676 2992 2086 3080; x_wconf 80' lang='lat' dir='ltr'>studiumque</span> <span class='ocrx_word' id='word_1_205' title='bbox 2132 3014 2318 3057; x_wconf 88' lang='lat' dir='ltr'>omne</span> <span class='ocrx_word' id='word_1_206' title='bbox 2354 2993 2415 3055; x_wconf 92' lang='lat' dir='ltr'>in</span> <span class='ocrx_word' id='word_1_207' title='bbox 2450 2992 2572 3057; x_wconf 84' lang='lat' dir='ltr'>hoc</span> 
     </span>
     <span class='ocr_line' id='line_1_25' title="bbox 537 3093 2579 3188; baseline 0 -25"><span class='ocrx_word' id='word_1_208' title='bbox 537 3120 675 3163; x_wconf 86' lang='lat' dir='ltr'>esse</span> <span class='ocrx_word' id='word_1_209' title='bbox 709 3093 1150 3168; x_wconf 82' lang='lat' dir='ltr'>constitutum,</span> <span class='ocrx_word' id='word_1_210' title='bbox 1189 3107 1258 3159; x_wconf 88' lang='lat' dir='ltr'>ut</span> <span class='ocrx_word' id='word_1_211' title='bbox 1294 3094 1546 3160; x_wconf 87' lang='lat' dir='ltr'>diabolo</span> <span class='ocrx_word' id='word_1_212' title='bbox 1575 3108 1640 3160; x_wconf 82' lang='lat' dir='ltr'>et</span> <span class='ocrx_word' id='word_1_213' title='bbox 1670 3096 1876 3184; x_wconf 82' lang='lat' dir='ltr'>pravis</span> <span class='ocrx_word' id='word_1_214' title='bbox 1903 3096 2384 3188; x_wconf 82' lang='lat' dir='ltr'>cogitationibus</span> <span class='ocrx_word' id='word_1_215' title='bbox 2408 3119 2579 3163; x_wconf 87' lang='lat' dir='ltr'>sem-</span> 
     </span>
     <span class='ocr_line' id='line_1_26' title="bbox 540 3198 2577 3298; baseline 0.001 -31"><span class='ocrx_word' id='word_1_216' title='bbox 540 3227 660 3298; x_wconf 82' lang='lat' dir='ltr'>per</span> <span class='ocrx_word' id='word_1_217' title='bbox 677 3203 1065 3267; x_wconf 80' lang='lat' dir='ltr'>obluctetur.</span> <span class='ocrx_word' id='word_1_218' title='bbox 1089 3198 1286 3267; x_wconf 78' lang='lat' dir='ltr'>Vitari</span> <span class='ocrx_word' id='word_1_219' title='bbox 1315 3213 1526 3266; x_wconf 89' lang='lat' dir='ltr'>autem</span> <span class='ocrx_word' id='word_1_220' title='bbox 1561 3226 1688 3268; x_wconf 90' lang='lat' dir='ltr'>non</span> <span class='ocrx_word' id='word_1_221' title='bbox 1715 3227 1921 3292; x_wconf 69' lang='lat' dir='ltr'>poste,</span> <span class='ocrx_word' id='word_1_222' title='bbox 1945 3206 2096 3293; x_wconf 87' lang='lat' dir='ltr'>quin</span> <span class='ocrx_word' id='word_1_223' title='bbox 2123 3204 2323 3292; x_wconf 86' lang='lat' dir='ltr'>caligo</span> <span class='ocrx_word' id='word_1_224' title='bbox 2340 3200 2577 3293; x_wconf 86' lang='lat' dir='ltr'>pertur-</span> 
     </span>
     <span class='ocr_line' id='line_1_27' title="bbox 539 3303 2578 3397; baseline 0.002 -27"><span class='ocrx_word' id='word_1_225' title='bbox 539 3304 895 3381; x_wconf 81' lang='lat' dir='ltr'>bationum,</span> <span class='ocrx_word' id='word_1_226' title='bbox 924 3319 989 3371; x_wconf 84' lang='lat' dir='ltr'>et</span> <span class='ocrx_word' id='word_1_227' title='bbox 1014 3328 1185 3371; x_wconf 90' lang='lat' dir='ltr'>mors</span> <span class='ocrx_word' id='word_1_228' title='bbox 1202 3303 1480 3370; x_wconf 87' lang='lat' dir='ltr'>insidens</span> <span class='ocrx_word' id='word_1_229' title='bbox 1499 3306 1818 3395; x_wconf 60' lang='lat' dir='ltr'>sapientire</span> <span class='ocrx_word' id='word_1_230' title='bbox 1845 3310 2049 3373; x_wconf 88' lang='lat' dir='ltr'>carnis</span> <span class='ocrx_word' id='word_1_231' title='bbox 2071 3333 2199 3374; x_wconf 90' lang='lat' dir='ltr'>non</span> <span class='ocrx_word' id='word_1_232' title='bbox 2223 3312 2578 3397; x_wconf 69' lang='lat' dir='ltr'>producant</span> 
     </span>
     <span class='ocr_line' id='line_1_28' title="bbox 541 3400 2572 3505; baseline 0.001 -28"><span class='ocrx_word' id='word_1_233' title='bbox 541 3400 821 3477; x_wconf 78' lang='lat' dir='ltr'>fructum</span> <span class='ocrx_word' id='word_1_234' title='bbox 864 3413 1136 3500; x_wconf 84' lang='lat' dir='ltr'>aliquem</span> <span class='ocrx_word' id='word_1_235' title='bbox 1179 3410 1431 3477; x_wconf 82' lang='lat' dir='ltr'>malitiae</span> <span class='ocrx_word' id='word_1_236' title='bbox 1463 3415 1563 3478; x_wconf 88' lang='lat' dir='ltr'>vel</span> <span class='ocrx_word' id='word_1_237' title='bbox 1604 3415 1856 3478; x_wconf 78' lang='lat' dir='ltr'>occulte</span> <span class='ocrx_word' id='word_1_238' title='bbox 1885 3415 1986 3479; x_wconf 82' lang='lat' dir='ltr'>vel</span> <span class='ocrx_word' id='word_1_239' title='bbox 2028 3417 2255 3505; x_wconf 79' lang='lat' dir='ltr'>palam.</span> <span class='ocrx_word' id='word_1_240' title='bbox 2303 3417 2381 3481; x_wconf 85' lang='lat' dir='ltr'>Ut</span> <span class='ocrx_word' id='word_1_241' title='bbox 2407 3414 2572 3480; x_wconf 86' lang='lat' dir='ltr'>enim</span> 
     </span>
     <span class='ocr_line' id='line_1_29' title="bbox 534 3496 2572 3619; baseline 0.001 -40"><span class='ocrx_word' id='word_1_242' title='bbox 534 3496 817 3582; x_wconf 73' lang='lat' dir='ltr'>vulnus</span> <span class='ocrx_word' id='word_1_243' title='bbox 799 3538 859 3585; x_wconf 87' lang='grc' dir='ltr'>ιιι</span> <span class='ocrx_word' id='word_1_244' title='bbox 895 3539 1163 3619; x_wconf 86' lang='lat' dir='ltr'>corpore</span> <span class='ocrx_word' id='word_1_245' title='bbox 1196 3538 1323 3603; x_wconf 91' lang='lat' dir='ltr'>quo</span> <span class='ocrx_word' id='word_1_246' title='bbox 1358 3518 1436 3582; x_wconf 85' lang='lat' dir='ltr'>ad</span> <span class='ocrx_word' id='word_1_247' title='bbox 1462 3542 1591 3583; x_wconf 89' lang='lat' dir='ltr'>non</span> <span class='ocrx_word' id='word_1_248' title='bbox 1623 3521 1808 3607; x_wconf 80' lang='lat' dir='ltr'>plano</span> <span class='ocrx_word' id='word_1_249' title='bbox 1837 3518 2188 3584; x_wconf 85' lang='lat' dir='ltr'>obductum</span> <span class='ocrx_word' id='word_1_250' title='bbox 2219 3533 2340 3594; x_wconf 87' lang='lat' dir='ltr'>est,</span> <span class='ocrx_word' id='word_1_251' title='bbox 2371 3517 2572 3584; x_wconf 83' lang='lat' dir='ltr'>caveri</span> 
     </span>
     <span class='ocr_line' id='line_1_30' title="bbox 532 3610 2571 3717; baseline 0 -30"><span class='ocrx_word' id='word_1_252' title='bbox 532 3610 792 3717; x_wconf 71' lang='lat' dir='ltr'>nequit,</span> <span class='ocrx_word' id='word_1_253' title='bbox 845 3621 1025 3711; x_wconf 88' lang='lat' dir='ltr'>quin</span> <span class='ocrx_word' id='word_1_254' title='bbox 1043 3620 1267 3712; x_wconf 74' lang='lat' dir='ltr'>exiguo</span> <span class='ocrx_word' id='word_1_255' title='bbox 1304 3625 1532 3690; x_wconf 86' lang='lat' dir='ltr'>saltem</span> <span class='ocrx_word' id='word_1_256' title='bbox 1583 3625 1790 3709; x_wconf 88' lang='lat' dir='ltr'>aliquo</span> <span class='ocrx_word' id='word_1_257' title='bbox 1839 3622 1998 3689; x_wconf 88' lang='lat' dir='ltr'>tabis</span> <span class='ocrx_word' id='word_1_258' title='bbox 2023 3623 2277 3690; x_wconf 85' lang='lat' dir='ltr'>effluxu</span> <span class='ocrx_word' id='word_1_259' title='bbox 2318 3626 2571 3691; x_wconf 87' lang='lat' dir='ltr'>madens</span> 
     </span>
     <span class='ocr_line' id='line_1_31' title="bbox 534 3724 2577 3849; baseline 0.001 -57"><span class='ocrx_word' id='word_1_260' title='bbox 534 3730 833 3805; x_wconf 54' lang='lat' dir='ltr'>sordeam</span> <span class='ocrx_word' id='word_1_261' title='bbox 842 3724 1264 3849; x_wconf 82' lang='lat' dir='ltr'>quantalibet</span> <span class='ocrx_word' id='word_1_262' title='bbox 1296 3729 1616 3819; x_wconf 85' lang='lat' dir='ltr'>diligentia</span> <span class='ocrx_word' id='word_1_263' title='bbox 1640 3742 1924 3804; x_wconf 83' lang='lat' dir='ltr'>curetur,</span> <span class='ocrx_word' id='word_1_264' title='bbox 1937 3728 2226 3818; x_wconf 86' lang='lat' dir='ltr'>nihilque</span> <span class='ocrx_word' id='word_1_265' title='bbox 2251 3731 2577 3796; x_wconf 86' lang='lat' dir='ltr'>omittatur</span> 
     </span>
     <span class='ocr_line' id='line_1_32' title="bbox 535 3826 2574 3922; baseline 0.001 -25"><span class='ocrx_word' id='word_1_266' title='bbox 535 3830 914 3899; x_wconf 68' lang='lat' dir='ltr'>industriae*</span> <span class='ocrx_word' id='word_1_267' title='bbox 896 3855 959 3896; x_wconf 89' lang='grc' dir='ltr'>ιιι</span> <span class='ocrx_word' id='word_1_268' title='bbox 991 3832 1080 3899; x_wconf 86' lang='lat' dir='ltr'>eis</span> <span class='ocrx_word' id='word_1_269' title='bbox 1114 3826 1486 3900; x_wconf 68' lang='lat' dir='ltr'>adhibendis</span> <span class='ocrx_word' id='word_1_270' title='bbox 1512 3832 1807 3899; x_wconf 87' lang='lat' dir='ltr'>remediis</span> <span class='ocrx_word' id='word_1_271' title='bbox 1831 3834 2340 3922; x_wconf 86' lang='lat' dir='ltr'>adjumentisque</span> <span class='ocrx_word' id='word_1_272' title='bbox 2371 3836 2574 3902; x_wconf 88' lang='lat' dir='ltr'>omnis</span> 
     </span>
    </p>
   </div>
   <div class='ocr_carea' id='block_1_3' title="bbox 528 3922 2575 4135">
    <p class='ocr_par' dir='ltr' id='par_1_5' title="bbox 528 3922 2575 4135">
     <span class='ocr_line' id='line_1_33' title="bbox 528 3922 2575 4045; baseline 0.006 -42"><span class='ocrx_word' id='word_1_273' title='bbox 528 3940 818 4028; x_wconf 73' lang='lat' dir='ltr'>generis.</span> <span class='ocrx_word' id='word_1_274' title='bbox 860 3922 1031 4007; x_wconf 81' lang='lat' dir='ltr'>idem</span> <span class='ocrx_word' id='word_1_275' title='bbox 1061 3960 1211 4010; x_wconf 84' lang='lat' dir='ltr'>vero</span> <span class='ocrx_word' id='word_1_276' title='bbox 1251 3940 1302 4009; x_wconf 81' lang='lat' dir='ltr'>si</span> <span class='ocrx_word' id='word_1_277' title='bbox 1340 3934 1597 4031; x_wconf 74' lang='lat' dir='ltr'>prorsus</span> <span class='ocrx_word' id='word_1_278' title='bbox 1613 3940 1822 4029; x_wconf 70' lang='lat' dir='ltr'>negli«</span> <span class='ocrx_word' id='word_1_279' title='bbox 1790 3952 2045 4029; x_wconf 52' lang='lat' dir='ltr'>statur,</span> <span class='ocrx_word' id='word_1_280' title='bbox 2091 3942 2575 4045; x_wconf 79' lang='lat' dir='ltr'>corruptionem</span> 
     </span>
     <span class='ocr_line' id='line_1_34' title="bbox 600 4064 1974 4135; baseline 0.001 -10"><span class='ocrx_word' id='word_1_281' title='bbox 600 4082 619 4112; x_wconf 66' lang='grc' dir='ltr'>Ι</span> <span class='ocrx_word' id='word_1_282' title='bbox 649 4074 827 4128; x_wconf 57' lang='lat' dir='ltr'>nauhu</span> <span class='ocrx_word' id='word_1_283' title='bbox 850 4089 898 4135; x_wconf 77' lang='lat' dir='ltr'>v,</span> <span class='ocrx_word' id='word_1_284' title='bbox 928 4073 1023 4134; x_wconf 60' lang='lat' dir='ltr'>a&amp;</span> <span class='ocrx_word' id='word_1_285' title='bbox 1541 4068 1552 4075; x_wconf 69' lang='grc'><strong>’</strong></span> <span class='ocrx_word' id='word_1_286' title='bbox 1963 4064 1974 4079; x_wconf 62' lang='lat'><em>⁴</em></span> 
     </span>
    </p>
   </div>
   <div class='ocr_carea' id='block_1_4' title="bbox 117 4458 621 4691">
    <p class='ocr_par' dir='ltr' id='par_1_6' title="bbox 117 4458 621 4691">
     <span class='ocr_line' id='line_1_35' title="bbox 117 4458 621 4691; baseline 0 -158"><span class='ocrx_word' id='word_1_287' title='bbox 117 4458 621 4691; x_wconf 29' lang='grc' dir='ltr'>...Ἠ</span> 
     </span>
    </p>
   </div>
   <div class='ocr_carea' id='block_1_5' title="bbox 616 4694 661 4775">
    <p class='ocr_par' dir='ltr' id='par_1_7' title="bbox 616 4694 661 4775">
     <span class='ocr_line' id='line_1_36' title="bbox 616 4694 643 4731; baseline 0 0"><span class='ocrx_word' id='word_1_288' title='bbox 616 4694 643 4731; x_wconf 71' lang='grc' dir='ltr'>ιι</span> 
     </span>
     <span class='ocr_line' id='line_1_37' title="bbox 624 4738 661 4775; baseline 0 0"><span class='ocrx_word' id='word_1_289' title='bbox 624 4738 661 4775; x_wconf 62' lang='grc' dir='ltr'>ἵ</span> 
     </span>
    </p>
   </div>
  </div>
 </body>
</html>
