2982 4885
645 504 728 573 ²8
1314 524 1367 567 s.
1421 498 1690 567 menn
1709 502 1712 511 “
1733 511 2009 565 narra-11

640 668 667 700 ι
683 632 954 729 percipit
970 639 1380 706 commodum
1396 659 1476 703 ex
1489 635 1793 711 lectione,
1817 636 1883 701 in
1906 654 2126 701 meum
2149 634 2322 702 cedit
2335 636 2590 709 lucrum
2611 666 2629 710 ε
2646 672 2678 707 ι

639 745 720 810 Et
743 745 851 832 qui
882 758 1206 833 operatur,
1232 766 1452 808 rursus
1476 741 1566 807 sic
1591 740 1796 815 dicat,
1830 766 1856 799 α
1879 734 2300 806 Ministerium
2327 747 2500 829 quod
2524 771 2690 835 prae-

643 862 784 915 »sto
812 898 831 926 ,
880 849 944 913 in
987 870 1395 914 communem
1438 847 1610 912 cedit
1647 843 2010 911 utilitatem.
2051 870 2079 904 »
2123 843 2687 923 Quemadmodum

641 954 812 1019 enim
856 953 1140 1018 membra
1193 951 1479 1040 corporis
1529 952 1729 1015 multa
1783 970 1934 1014 cum
1989 947 2115 1014 sint
2138 999 2157 1025 ,
2215 973 2418 1017 unum
2457 975 2687 1044 corpus

642 1071 821 1134 sunt,
857 1070 921 1123 et
968 1081 1034 1123 se
1069 1069 1295 1122 mutuo
1321 1056 1628 1142 adjuvant
1649 1104 1668 1132 ,
1700 1065 1767 1119 et
1799 1054 2304 1141 unumquodque
2339 1078 2455 1122 suo
2487 1058 2690 1149 fungi-

642 1175 749 1227 tur
771 1161 1016 1237 officie,
1056 1164 1231 1227 velut
1255 1164 1481 1226 oculus
1513 1182 1631 1248 pro
1665 1170 1802 1224 toto
1835 1179 2106 1247 corpore
2129 1158 2338 1233 videt,
2365 1174 2433 1224 et
2461 1184 2687 1231 manus

645 1289 762 1355 pro
793 1266 1086 1331 omnibus
1108 1265 1414 1333 membris
1428 1265 1711 1337 laborat,
1736 1274 1804 1328 et
1820 1285 1932 1351 pes
1953 1263 2235 1328 ambulat
2252 1265 2467 1328 omnia
2483 1287 2684 1331 mem-

648 1371 761 1435 bra
793 1371 1141 1446 sustinens,
1174 1382 1240 1436 et
1273 1370 1447 1435 aliud
1475 1367 1843 1435 membrum
1872 1367 2260 1453 compatitur
2287 1389 2304 1430 ε
2340 1367 2430 1433 sic
2464 1381 2529 1433 et
2556 1370 2688 1436 sra-

652 1489 781 1542 tres
824 1477 991 1541 inter
1035 1500 1103 1541 se
1143 1476 1286 1543 sint.
1341 1477 1563 1563 Itaque
1607 1474 1717 1562 qui
1766 1495 1992 1562 preces
2036 1471 2233 1549 facit,
2276 1495 2403 1538 non
2442 1474 2689 1560 judicet

646 1584 1041 1649 laborantem
1063 1631 1082 1657 ,
1115 1584 1289 1668 quod
1322 1603 1452 1647 non
1477 1590 1779 1670 precetur
1807 1601 1825 1643 τ
1853 1601 2062 1666 neque
2085 1579 2192 1666 qui
2221 1579 2497 1662 laborat,
2528 1603 2691 1648 con-

648 1688 902 1752 demnet
925 1698 1295 1777 precantem
1314 1734 1333 1761 ,
1361 1686 1537 1771 quod
1568 1684 1674 1749 ille
1703 1683 2024 1771 quiescat,
2055 1684 2189 1773 ipse
2217 1706 2368 1750 vero
2394 1684 2636 1751 laboret
2662 1710 2687 1750 τ

651 1812 857 1877 neque
896 1788 1002 1876 qui
1035 1788 1390 1862 ministrat,
1430 1790 1701 1853 alterum
1733 1789 2010 1855 damnet.
2058 1788 2187 1855 Sed
2217 1789 2688 1878 unusquisque,

653 1894 701 1958 si
736 1894 889 1981 qnid
932 1891 1110 1970 facit,
1159 1894 1224 1960 in
1263 1893 1380 1958 Dei
1414 1893 1679 1981 gloriam
1715 1892 1924 1959 saciat.
1973 1893 2102 1974 Qui
2138 1894 2330 1982 legit,
2373 1916 2585 1960 amore
2623 1906 2690 1961 et

654 2002 883 2090 gaudio
912 2013 1338 2090 prosequatur
1365 2012 1729 2090 precantem
1750 2050 1769 2076 ,
1807 2000 1898 2066 sic
1922 2023 2141 2067 secum
2173 2001 2507 2090 colligens,
2545 2001 2690 2089 quia

653 2129 770 2194 pro
803 2127 905 2170 me
936 2117 1094 2170 orat.
1132 2105 1214 2172 Et
1241 2105 1349 2194 qui
1386 2117 1563 2187 orat,
1596 2108 1678 2171 de
1714 2105 2048 2172 laborante
2079 2106 2205 2172 hoc
2242 2117 2504 2183 statuat,
2545 2106 2687 2196 quia

659 2209 831 2299 quod
860 2222 1188 2299 operatur,
1215 2211 1294 2275 ad
1319 2231 1729 2275 communem
1761 2211 2101 2277 utilitatem
2130 2210 2301 2277 facit.

744 2315 851 2379 111.
898 2316 979 2381 Et
1005 2315 1094 2381 sic
1127 2338 1373 2381 summa
1398 2316 1743 2382 concordia
1777 2328 1841 2383 et
1863 2339 2010 2405 pax,
2037 2316 2523 2405 animarumque
2544 2337 2690 2381 cou-

657 2441 873 2488 sensus
907 2419 973 2486 in
1011 2420 1267 2506 vinculo
1309 2421 1484 2511 pacis
1513 2442 1623 2488 eos
1653 2420 1821 2488 inter
1859 2444 1925 2487 se
1963 2422 2295 2489 continere
2325 2422 2488 2512 potis
2531 2421 2688 2496 erit,

655 2537 729 2589 ut
757 2540 1210 2592 conversentur
1234 2527 1298 2592 in
1323 2527 1686 2592 sinceritate
1708 2539 1773 2592 et
1796 2525 2198 2616 simplicitate
2220 2539 2285 2594 et
2307 2528 2693 2594 benevolen-

656 2629 741 2700 tia
764 2630 900 2694 Dei.
932 2631 1279 2696 Maximum
1316 2641 1530 2695 autem
1554 2630 1839 2697 omnium
1867 2643 2000 2707 est,
2030 2629 2324 2698 videlicet
2341 2639 2691 2720 opportuna

654 2755 924 2821 precum
972 2732 1383 2798 continuatio.
1433 2734 1745 2800 Proeterea
1787 2758 1989 2803 uuum
2032 2736 2398 2824 requiritur,
2446 2747 2516 2799 ut
2553 2731 2691 2821 quis

584 2849 595 2858 ¹
657 2836 890 2906 habeat
924 2838 1295 2904 thesaurum
1330 2837 1395 2903 in
1435 2838 1681 2914 anima,
1731 2851 1795 2904 et
1831 2840 2026 2907 vitam
2039 2879 2067 2916 ·,
2100 2823 2241 2927 quaa
2271 2851 2365 2905 est
2399 2839 2698 2905 dominus

566 2955 571 2964 ‘
661 2942 725 3008 in
764 2942 973 3009 animo
1008 2966 1025 3009 :
1062 2943 1193 3009 sive
1228 2943 1516 3019 laboret,
1551 2944 1680 3012 sive
1706 2949 2029 3034 precetur,
2078 2943 2208 3011 sive
2237 2946 2441 3032 legat,
2476 2954 2550 3007 ut
2578 2941 2696 3007 ha-

664 3047 809 3140 beat
841 3049 1013 3114 illam
1044 3047 1505 3136 possessionem
1535 3072 1667 3114 non
1700 3051 2051 3138 perituram
2073 3099 2092 3127 ,
2130 3072 2269 3139 quae
2299 3060 2396 3115 est
2420 3047 2694 3137 Spiritus

665 3164 943 3220 sanctus.
980 3151 1146 3242 uNon
1203 3152 1477 3231 desunt,
1528 3154 1637 3243 qui
1681 3155 1901 3222 dicant
1945 3154 2292 3222 Dominum
2333 3152 2695 3219 manifestos

663 3259 828 3323 solos
858 3257 1102 3324 fructus
1128 3260 1449 3347 requirere
1473 3260 1551 3324 ab
1573 3260 1977 3326 hominibus:
2007 3260 2305 3326 interiora
2321 3281 2473 3323 vero
2489 3258 2694 3323 Deum

669 3363 1003 3454 corrigere.
1044 3364 1095 3431 N
1101 3388 1184 3434 on
1202 3378 1416 3431 autem
1438 3389 1538 3432 res
1569 3366 1660 3432 sic
1681 3389 1748 3431 se
1770 3365 2000 3433 habet:
2028 3368 2139 3431 sed
2157 3361 2696 3453 quemadmodum

666 3472 961 3562 adversus
999 3472 1377 3538 exteriorem
1411 3472 1736 3539 hominem
1783 3496 1851 3538 se
1879 3473 2124 3547 munit,
2161 3472 2252 3538 sie
2294 3482 2359 3536 et
2398 3469 2698 3535 adversus

667 3576 1075 3665 cogitationes
1103 3576 1345 3643 bellum
1376 3577 1534 3643 inire
1565 3591 1630 3645 et
1652 3577 1873 3667 gerere
1897 3577 2108 3644 debet.
2138 3574 2344 3663 Exigit
2375 3572 2603 3668 enimn
2637 3581 2704 3642 to

662 3679 972 3762 Dominus
1000 3729 1019 3756 ,
1068 3694 1140 3748 ut
1179 3682 1289 3747 tibi
1333 3683 1465 3771 ipse
1515 3683 1801 3752 irascaris
1836 3731 1855 3756 ,
1899 3695 1965 3748 et
2009 3703 2290 3773 pugnam
2336 3673 2708 3746 committas

662 3807 816 3858 cum
838 3796 1053 3852 mento
1078 3797 1181 3854 tua
1197 3836 1216 3862 ,
1247 3810 1456 3880 neque
1481 3788 1837 3858 assentiaris
1862 3802 1974 3860 aut
2009 3785 2345 3858 delecteris
2366 3777 2714 3874 cogitatio-³

666 3892 855 3963 nibus
885 3885 1108 3981 pravis.

751 3994 856 4074 1v.
910 3997 1100 4081 Quod
1130 4012 1449 4090 superest,
1482 4013 1822 4096 peccatum
1851 4001 2074 4094 illique
2104 3997 2434 4073 adhaerens
2456 3992 2707 4073 malum
