2982 4885
593 535 720 601 216
1264 554 1313 595 s.
1370 514 1633 597 »iscium
1681 541 1944 597 ,ταῦτα

584 670 1043 741 Romanorum,
1059 676 1247 754 atque
1260 669 1568 756 prodeant
1580 692 1654 733 ex
1669 667 1739 732 iis
1750 690 1950 756 penna
1961 668 2003 733 ti
2022 668 2453 734 adolescentes
2464 652 2614 745 duo,

586 775 824 840 viribus
860 775 1162 862 aequales,
1201 773 1310 862 qui
1341 776 1510 841 lucta
1551 777 1969 849 contendantz
2002 775 2088 840 ita
2120 775 2474 842 adversaria
2504 798 2621 865 po-

586 890 779 946 testas
808 890 876 944 et
902 901 1081 944 mens
1109 901 1321 967 aequas
1350 880 1514 945 vires
1546 880 1837 946 obtinent
1872 880 2169 945 adversus
2203 904 2269 945 se
2298 880 2566 947 invicem
2598 903 2615 944 ε

587 1006 660 1051 ac
692 1007 912 1074 parem
927 983 1292 1050 facultatem
1310 984 1505 1051 habet
1523 985 1781 1051 Satanas
1806 985 2185 1052 adhortandi
2213 1000 2279 1053 et
2310 985 2620 1052 alliciendi

586 1084 865 1155 animam
920 1091 999 1155 ad
1049 1092 1442 1155 voluntatem
1497 1114 1676 1157 suam
1702 1141 1719 1168 ,
1777 1104 1966 1179 atque
2017 1092 2227 1158 anima
2289 1116 2327 1158 e
2376 1092 2621 1158 diverso

584 1219 866 1286 pugnam
898 1195 1123 1270 habet,
1157 1207 1230 1260 ut
1261 1197 1696 1272 contradicat,
1731 1210 1796 1263 et
1820 1197 1884 1261 in
1918 1199 2089 1264 nulla
2127 1221 2196 1262 re
2226 1197 2285 1262 ei
2314 1197 2627 1283 obsequa-

586 1311 709 1366 tur.
733 1298 1187 1365 Exhortatione
1227 1299 1400 1367 enim
1433 1301 1696 1367 excitari
1728 1314 1995 1390 possunt
2025 1302 2225 1368 ambae
2262 1300 2627 1374 facultates,

588 1415 728 1474 tum
754 1405 833 1472 ad
857 1404 1135 1480 bonum,
1164 1416 1302 1470 tum
1328 1407 1407 1471 ad
1432 1407 1696 1481 malum,
1725 1426 1853 1471 non
1877 1418 2091 1473 tamen
2118 1405 2429 1495 compelli.
2460 1402 2632 1469 Huic

586 1509 778 1601 igitur
804 1510 1022 1578 liberae
1040 1510 1339 1578 electioni
1374 1513 1564 1578 datur
1581 1511 1790 1579 divina
1813 1512 2239 1579 remuneratio
2255 1561 2273 1590 ,
2299 1521 2633 1602 potestque

589 1614 954 1683 dimicando
995 1640 1248 1683 sumere
1289 1641 1465 1685 arma
1496 1622 1576 1685 de
1608 1620 1804 1695 coelo‚
1846 1631 2035 1704 atque
2066 1640 2289 1682 eorum
2323 1612 2634 1682 beneficio

587 1724 911 1788 eradicare
945 1742 1018 1785 ac
1047 1742 1349 1807 superare
1377 1733 1738 1806 peccatum.
1779 1720 2236 1798 ‚Contradicere
2272 1722 2444 1786 enim
2480 1740 2638 1808 pec-

590 1835 734 1887 cato
778 1832 985 1909 potest
1029 1820 1288 1904 quidem
1335 1821 1587 1885 anima:
1629 1820 1764 1882 sine
1808 1821 1944 1884 Deo
1987 1843 2135 1883 vero
2181 1844 2484 1909 superare
2526 1834 2642 1887 aut

589 1925 903 2011 extirpare
950 1921 1173 1986 vitium
1222 1922 1460 2010 nequit.
1515 1921 1751 1989 Verum
1796 1923 1903 2008 qui
1956 1934 2240 1987 asserunt
2294 1936 2645 2010 peccatum

588 2050 725 2094 esse
769 2027 940 2089 velut
982 2034 1315 2091 strenuum
1349 2026 1669 2115 gigantem
1690 2030 1721 2098 ,‘
1743 2025 2018 2090 animam
2048 2048 2197 2090 vero
2229 2027 2404 2091 velut
2436 2026 2645 2115 pusil-

587 2133 719 2197 lum
737 2179 754 2205 ,
791 2151 1123 2218 perperam
1159 2128 1398 2197 dicunt.
1438 2128 1504 2195 Si
1538 2128 1710 2193 enim
1735 2132 1893 2196 adeo
1915 2142 2127 2194 essent
2150 2154 2250 2194 res
2274 2126 2636 2206 dissimiles,

589 2247 663 2300 ut
723 2244 1055 2323 peccatum
1109 2234 1190 2300 sit
1237 2237 1410 2300 velut
1444 2234 1650 2321 gigas,
1678 2234 1886 2300 anima
1917 2256 2067 2298 vero
2112 2234 2285 2299 velut
2323 2233 2622 2322 pusilluS,

595 2339 853 2428 iniquus
872 2351 1038 2405 esset
1066 2339 1410 2427 legislator,
1432 2338 1541 2425 qui
1570 2339 1775 2426 legem
1806 2337 1952 2403 tulit
1983 2337 2252 2413 homini,
2274 2350 2347 2404 ut
2364 2362 2635 2429 pugnam

595 2450 768 2514 ineat
810 2450 1109 2514 adversus
1157 2447 1479 2514 Satanam.

689 2553 929 2620 XXIII.
983 2553 1118 2618 Hoc
1150 2565 1366 2618 autem
1405 2562 1502 2615 est
1532 2550 2018 2616 fundamentum
2051 2548 2164 2615 viae
2199 2549 2278 2614 ad
2298 2550 2505 2616 Deum
2535 2550 2640 2616 de-

595 2657 924 2729 ducentis,
978 2655 1042 2719 in
1096 2655 1430 2719 tolerantia
1469 2656 1701 2729 multa,
1742 2654 1806 2718 in
1846 2677 1993 2742 spe,
2036 2654 2099 2718 in
2141 2653 2529 2731 humilitate,
2573 2655 2634 2720 in

596 2759 972 2850 paupertate
1004 2741 1291 2845 spiritus,
1323 2756 1388 2822 in
1411 2758 1896 2823 mansuetudine
1923 2758 2087 2824 viam
2113 2758 2253 2824 vitae
2274 2783 2633 2850 peragrare3

597 2879 663 2933 et
710 2865 942 2932 horum
993 2859 1306 2926 beneficio
1351 2860 1493 2950 quis
1537 2862 1824 2929 obtinere
1871 2875 2080 2953 potest
2122 2865 2430 2952 justitiam
2472 2867 2535 2930 in
2573 2888 2641 2931 se

599 2969 734 3059 ipso
771 2992 786 3031 z
841 2966 1113 3032 dicimus
1148 2978 1358 3032 autem
1391 2965 1699 3055 justitiam
1722 3017 1740 3043 ,
1779 2968 1982 3057 ipsum
2033 2968 2433 3035 Dominum¹.
2489 2971 2640 3034 Haee

597 3072 770 3137 enim
800 3070 1095 3135 mandata
1114 3120 1130 3144 ,
1160 3094 1300 3158 quae
1322 3070 1498 3137 bunc
1519 3072 1582 3136 in
1606 3073 1868 3138 modum
1892 3073 2300 3162 praecipiunt,
2336 3085 2480 3139 sunt
2508 3085 2642 3139 tan-

601 3198 795 3265 quam
831 3173 1069 3265 lapides
1097 3177 1372 3241 miliares
1408 3176 1550 3252 fixi,
1578 3189 1643 3242 et
1680 3178 1855 3267 signa
1879 3180 2065 3267 regia:
2098 3180 2247 3257 viae,
2276 3180 2646 3246 deducentis

604 3285 686 3347 ad
724 3284 1047 3347 coelestem
1079 3280 1400 3346 civitatem
1436 3279 1918 3350 inambulantes.
1950 3285 2164 3371 lnquit
2184 3287 2395 3352 enim:
2430 3287 2647 3353 «Beati

605 3417 630 3448 n
651 3410 962 3477 pauperes
993 3385 1253 3475 spiritu;
1279 3385 1460 3452 Beati
1494 3386 1712 3463 mites3
1754 3388 1932 3455 Beati
1964 3391 2438 3469 misericordes;
2470 3392 2651 3460 Beati

555 3483 560 3498 '
604 3521 631 3552 ι»
653 3492 961 3581 pacifici².
994 3520 1018 3552 n
1050 3493 1237 3557 Hunc
1268 3490 1463 3558 dicito
1487 3516 1623 3559 esse
1644 3494 2207 3566 christianismum.
2240 3499 2304 3564 Si
2333 3521 2479 3564 vero
2506 3499 2650 3584 quis

606 3598 727 3669 hac
761 3594 857 3666 via
891 3617 1019 3658 non
1050 3595 1404 3662 inambulet
1426 3649 1443 3674 ,
1467 3621 1583 3687 per
1606 3599 1783 3666 devia
1809 3615 2009 3674 errat,
2036 3606 2204 3670 malo
2236 3603 2651 3670 fundamento

608 3695 779 3767 usus.
836 3698 1049 3764 Gloria
1091 3701 1607 3770 miserationibus
1642 3697 1888 3782 Patris,
1929 3718 1995 3774 et
2032 3707 2215 3785 Filii,
2266 3722 2331 3776 et
2382 3708 2653 3799 Spiritus

611 3804 811 3872 sancti
836 3802 898 3867 in
930 3807 1176 3870 saecula.
1217 3804 1443 3871 Amen.

680 3950 700 3977 ⁸
727 3938 913 3991 ἔπεσι.
934 3954 1079 3999 uui,
1100 3940 1153 3994 6.
1174 3966 1237 3981 -
1263 3956 1285 3983 ¹
1313 3941 1493 3995 Mattb.
1519 3955 1569 4004 v,
1593 3942 1644 4006 ³,
1668 3951 1719 3997 et
1736 3960 1877 4014 seqq.
