2982 4885
709 374 845 456 430
1384 386 1436 432 ε.
1490 382 1755 433 menn
1798 378 2071 433 aevvm

711 510 821 601 qui
852 515 1027 573 recte
1054 503 1280 578 credit,
1312 503 1463 568 etin
1487 503 1721 599 pietate
1743 515 2065 593 operatur,
2097 501 2387 571 incidat
2370 527 2436 572 m
2458 505 2767 579 vitiorum

712 616 928 683 sordes
960 633 1033 676 ac
1061 611 1425 673 daemonum
1457 630 1760 672 errorem.

801 712 1669 786 xxl.n0serehant:1).uo
1714 713 2000 778 fratres
1983 738 2047 778 m
2093 702 2267 781 Sceti
2317 716 2763 809 deliquerunt,

717 848 875 917 quos
907 821 1254 912 segregavit
1280 844 1391 885 seu
1416 820 1997 886 excommunicavit
2021 818 2238 888 Abbas
2264 824 2570 893 Macarius
2590 830 2769 896 Urbi-

721 956 834 1000 cus
853 981 870 1007 ,
909 936 974 996 et
1002 936 1314 1007 venerunt
1342 927 1659 1002 nonnulli,
1692 927 2196 1017 nuntiaruntque
2226 928 2455 997 Abbati
2487 933 2769 1001 Macario

722 1061 954 1129 magno
990 1033 1306 1125 AEgyptiO.
1359 1033 1488 1113 Qui
1534 1032 1866 1098 affirmavit
1896 1032 2121 1098 fratres
2147 1018 2277 1100 non¹
2300 1060 2438 1104 esse
2475 1048 2771 1128 segrega-

726 1155 858 1224 tos,
880 1142 990 1209 sed
1020 1138 1365 1207 Macarium
1390 1163 1408 1212 ;
1437 1136 1675 1202 etenim
1711 1130 2011 1227 diligebat
2048 1163 2211 1213 eum.
2249 1140 2493 1208 Auditu
2521 1146 2777 1235 aceepit

726 1247 941 1315 Abbas
989 1243 1332 1318 Macarius,
1390 1245 1563 1333 quod
1610 1267 1645 1308 a
1689 1267 1838 1310 sene
1883 1243 2460 1311 excommunicatus
2516 1249 2768 1327 suisset,

727 1351 1010 1442 fugitque
1040 1350 1119 1414 ad
1149 1344 1462 1437 paludem.
1508 1347 1809 1436 Egressus
1839 1350 2051 1437 itaque
2084 1363 2179 1415 est
2212 1348 2421 1417 Abbas
2451 1344 2772 1420 Macarius

730 1478 1026 1546 magum,
1063 1475 1136 1519 ac
1170 1453 1406 1543 reperit
1437 1477 1586 1517 eum
1618 1478 1651 1519 a
1683 1454 1992 1521 culicibus
2027 1455 2415 1544 perforatum
2435 1483 2452 1531 ;
2490 1458 2773 1547 dicitque

736 1561 833 1625 ei:
860 1561 960 1625 Tu
992 1557 1329 1646 segregasti
1368 1558 1616 1635 fratres,
1651 1572 1716 1623 et
1753 1559 2059 1625 secessuri
2098 1573 2244 1625 sunt
2275 1560 2339 1625 in
2359 1561 2602 1627 vicum.
2641 1564 2772 1653 Ego

736 1688 887 1730 vero
931 1663 1246 1753 segregavi
1279 1675 1380 1738 te;
1418 1676 1614 1753 tuque
1635 1713 1653 1738 ,
1690 1665 1881 1730 veluti
1914 1664 2179 1753 pulchra
2206 1664 2385 1752 virgo
2417 1662 2481 1730 in
2514 1665 2771 1730 interius

737 1769 1106 1835 cubicuium
1138 1767 1350 1855 fugisti
1380 1767 1527 1843 hue.
1562 1770 1645 1833 At
1679 1792 1819 1856 ege,
1855 1768 2093 1835 vocatis
2138 1769 2464 1845 fratribus,
2513 1773 2589 1836 ab
2624 1772 2771 1860 ipsis

727 1873 928 1938 didici
960 1872 1117 1935 nihil
1150 1872 1379 1953 horum
1409 1874 1649 1936 sactum
1678 1897 1833 1937 esse.
1872 1874 2025 1939 vido
2052 1874 2243 1963 igitur
2268 1889 2368 1951 tu,
2390 1874 2593 1948 frater,
2629 1899 2710 1939 ne
2735 1900 2773 1940 a

741 1975 1132 2043 daemonibus
1183 1975 1400 2039 illusus
1445 1975 1658 2041 fueris,
1705 1976 1865 2042 Nam
1908 1977 2067 2045 nihil
2100 1980 2332 2046 vidisti.
2374 1979 2496 2045 Sed
2522 1981 2776 2057 veniam

736 2083 1100 2148 incurvatus
1135 2092 1276 2173 pete
1303 2102 1419 2168 pro
1461 2081 1692 2147 delicto
1734 2093 1866 2147 tuo,
1920 2083 2035 2147 Ille
2076 2098 2290 2150 autem
2325 2085 2521 2151 dixit:
2558 2085 2623 2149 Si
2653 2086 2772 2160 viS,

743 2190 824 2256 da
846 2187 1002 2275 tnihi
1019 2185 1472 2277 poenitentiam.
1500 2186 1730 2253 Videns
1754 2211 1905 2277 erge
1930 2212 2122 2254 senex
2136 2189 2556 2256 humilitatem
2581 2189 2771 2263 illius,

749 2295 871 2362 ait:
899 2293 1098 2370 Vade,
1133 2292 1351 2381 jejuna
1377 2305 1504 2357 tres
1529 2291 1959 2359 hebdomadas
1982 2342 2001 2369 ,
2034 2297 2225 2359 semel
2252 2295 2514 2383 singulis
2536 2294 2781 2360 hebdo-

747 2400 948 2470 madis
974 2401 1330 2465 comedens.
1363 2398 1513 2466 Haec
1539 2397 1779 2465 scilicet
1800 2410 1934 2463 erat
1959 2398 2120 2465 illius
2142 2411 2450 2488 perpetua
2469 2397 2777 2488 operatio,

749 2505 1223 2572 hebdomadas'
1202 2504 1511 2591 jejunare.

832 2609 1045 2678 XXII.
1098 2608 1268 2673 Dixit
1311 2605 1525 2672 Abbas
1567 2607 1812 2697 Moyses
1857 2607 2086 2675 Abbati
2132 2599 2408 2673 Macario
2458 2599 2531 2674 in'
2540 2549 2776 2676 Sceti·

743 2711 907 2779 'Volo
931 2735 1080 2776 cum
1106 2712 1317 2798 quiete
1355 2734 1426 2777 ac
1462 2713 1710 2777 silentio
1736 2714 1967 2790 vivere,
2005 2736 2123 2779 nec
2153 2713 2371 2784 sinunt
2392 2737 2499 2780 me
2533 2716 2777 2780 fratres·

746 2819 853 2888 Ait
896 2817 985 2883 im
1032 2816 1247 2883 Abbas
1287 2817 1634 2883 Macarius.
1670 2817 1871 2885 Video
1913 2832 1975 2884 te
2020 2819 2248 2885 indolis
2280 2821 2583 2887 mollioris
2614 2842 2779 2895 esse,

747 2945 866 2988 nec
895 2946 1079 3012 posse
1109 2922 1366 2988 fratrem
1399 2946 1432 2988 a
1463 2936 1527 2990 te
1559 2937 1886 2990 avertere.
1924 2925 2036 2989 sed
2062 2925 2116 2989 si
2156 2924 2469 2990 desideras
2497 2924 2787 3012 quietam

747 3029 972 3104 vitam,
1023 3028 1426 3120 proficiscere
1478 3031 1559 3094 ad
1601 3051 1918 3101 eremum,
1977 3029 2146 3092 intro
2192 3030 2259 3094 in
2308 3045 2520 3122 petra,
2555 3043 2621 3096 et
2652 3030 2785 3096 iuic

635 3199 642 3206 ,
749 3132 960 3240 quiete
987 3137 1194 3225 deges.
1224 3135 1428 3221 Atque
1452 3132 1574 3196 hoc
1600 3131 1773 3206 fecit,
1803 3145 1868 3193 et
1892 3131 2279 3221 conquievit.

771 3249 774 3252 ’
835 3237 1079 3309 XXIII.
1131 3234 1661 3306 Fraterconvenit
1681 3234 1998 3300 Abbatem
2016 3237 2361 3306 Macarium
2387 3240 2788 3332 AEgyptiutn,

749 3355 815 3416 et
859 3347 1015 3414 dixit
1056 3347 1163 3411 ei:
1208 3343 1413 3417 Abba,
1464 3340 1658 3428 effare
1704 3342 1861 3409 mihi
1908 3347 2214 3423 verbum,
2261 3370 2539 3435 quonam
2590 3350 2793 3416 modo

751 3457 954 3522 salvus
982 3472 1112 3516 ero·
1151 3449 1257 3514 Ait
1296 3472 1489 3515 senex
1521 3474 1535 3512 :
1582 3447 1761 3516 Vade
1801 3445 1881 3516 ad
1915 3455 2297 3542 sepulcrum,
2332 3466 2396 3516 et
2424 3456 2796 3523 maledictis

745 3571 1027 3628 mortuos
1067 3556 1323 3648 impete.
1377 3555 1616 3621 Abiens
1647 3557 1838 3646 igitur
1870 3558 2096 3637 frater,
2131 3554 2413 3623 convitiis
2443 3569 2508 3622 et
2549 3560 2803 3649 lapidi-

743 3665 866 3730 bus
900 3659 1197 3756 appetiit:
1231 3684 1643 3750 reversusque
1669 3663 2061 3732 annuntiavit
2089 3662 2240 3731 seni.
2272 3661 2516 3743 Quaerit
2551 3664 2632 3729 ab
2668 3690 2799 3744 θος

749 3768 923 3835 Nihil
952 3767 1066 3834 tibi
1090 3765 1594 3856 responderunt?
1624 3766 1862 3834 frater.
1897 3766 2090 3836 Nihil.
2126 3768 2292 3835 Tum
2324 3777 2520 3834 senex
2539 3769 2803 3858 inquit:

741 3867 986 3948 Iterum
1006 3867 1408 3962 proficiscere
1432 3891 1596 3947 cras,
1620 3872 1917 3952 laudibus
1937 3896 2046 3942 eos
2068 3872 2241 3960 effer.
2270 3873 2588 3968 Pergens
2569 3887 2825 3978 itaquq
