2982 4885
1284 434 1333 478 8.
1387 432 1651 496 lucan
1695 433 1965 485 annm

624 511 801 623 atia
835 572 989 630 cum
1017 547 1436 616 delectatione
1467 573 1543 626 ac
1580 552 1795 626 laetitia
1841 553 2145 643 Spiritus,
2200 576 2286 622 ex.
2372 569 2506 632 arte
2548 561 2649 636 ta-

712 663 754 726 h
802 649 977 746 lu'xta
1029 653 1401 744 petitionem
1443 655 1640 743 ejus.
1690 660 1976 725 moribus
2021 672 2233 727 tamen
2287 659 2306 726 i
2353 684 2458 727 em
2509 671 2639 746 est,

606 751 836 854 qulbus
856 771 1038 829 antea
1055 771 1215 836 erat,
1238 760 1575 832 destitutus
1598 763 2111 842 mansuetudine,
2131 788 2206 832 eo
2231 757 2403 855 quod
2417 791 2545 835 non
2561 769 2643 842 la-

604 859 875 950 librat-it,
915 887 1034 935 nec
1082 891 1148 934 se
1192 868 1602 960 praepararit,
1635 882 1710 935 ut
1748 872 1886 938 talis
1929 871 2251 949 evaderet,
2304 876 2639 944 destitutus

602 963 993 1056 humilitate,
1026 983 1103 1048 ee
1134 972 1308 1060 quod
1346 996 1474 1040 non
1506 967 1876 1068 postularit,
1911 981 2030 1044 nec
2059 1002 2125 1044 se
2156 979 2363 1069 ipsum
2393 981 2473 1045 ad
2495 1004 2640 1054 eam

601 1075 1020 1174 compulerim
1050 1067 1385 1146 destitutus
1411 1079 1751 1148 dilectione
1781 1106 1930 1176 erga
1963 1106 2217 1162 omnes,
2244 1108 2321 1152 eo
2352 1088 2526 1175 quod
2557 1075 2637 1164 de

599 1203 675 1253 ea
705 1187 866 1254 nihil
896 1185 1156 1253 omnino
1190 1171 1497 1251 sollicitus
1536 1184 1792 1253 suerit*
1773 1211 1838 1254 m
1877 1183 2303 1279 postulatione
2338 1193 2634 1270 orationis

601 1316 788 1360 suae.
836 1304 904 1359 et
934 1292 999 1358 in
1031 1292 1164 1392 ipsa
1194 1291 1401 1386 operis
1433 1292 1977 1360 administratione
2006 1319 2133 1362 non
2174 1296 2373 1366 habet
2408 1296 2628 1373 fidem,

598 1405 721 1467 nec
744 1396 1047 1467 fiduciam
1068 1420 1215 1500 erga
1243 1396 1453 1463 Deum
1474 1447 1493 1474 ,
1517 1420 1594 1472 eo
1618 1400 1793 1488 quod
1820 1399 1886 1466 ln
1913 1401 2275 1500 cognitione
2300 1404 2395 1480 sui
2419 1427 2631 1482 carere

602 1513 668 1575 ⁸6
689 1487 820 1575 hon
853 1509 1150 1596 expertus
1179 1512 1308 1580 est,
1349 1523 1558 1594 neque
1597 1507 1928 1575 contendit
1960 1530 2111 1576 cum
2142 1503 2478 1576 afflictione
2502 1505 2636 1574 Do-

597 1597 849 1686 minum
895 1614 1247 1712 postulare,
1293 1619 1367 1677 ut
1398 1611 1685 1679 obtineat
1724 1610 2042 1682 firmam
2023 1637 2088 1680 m
2123 1608 2305 1683 illum
2341 1612 2533 1694 fidem
2566 1634 2638 1680 ac

598 1727 816 1787 vei-am
840 1709 1161 1779 fiduciam.

687 1807 768 1887 V.
822 1817 1093 1907 Oportet
1120 1815 1291 1881 enim
1309 1838 1828 1904 unumquemque
1851 1817 2114 1918 perinde
2132 1832 2204 1882 ut
2219 1819 2297 1882 ad
2319 1844 2541 1910 preces
2574 1829 2645 1889 se

604 1911 985 2027 compellere
1016 1932 1204 2008 atque
1235 1915 1521 2005 adigere,
1555 1931 1945 2008 repugnante
1973 1919 2224 1998 animo·
2259 1922 2350 1987 sic
2384 1945 2642 2012 quoque

601 2033 691 2100 ad·
710 2021 1043 2100 fiduciam,
1083 2024 1173 2114 sic
1205 2042 1460 2109 quoque
1498 2022 1578 2085 ad
1613 2020 2078 2098 humilitatem,
2128 2024 2218 2092 sic
2267 2049 2521 2114 quoque
2557 2029 2643 2104 ad

603 2121 1041 2203 dilectionem,
1075 2127 1166 2192 sic
1189 2146 1441 2214 quoqne
1465 2123 1545 2190 ad
1567 2125 2150 2206 mansuetudinem,
2177 2130 2637 2214 sinceritatem,

606 2243 673 2309 et
713 2221 1235 2332 simplicitatem.
1285 2229 1376 2298 sic
1412 2255 1669 2322 quoque
1726 2233 1807 2301 ad
1850 2256 2108 2300 omnem
2157 2236 2526 2324 patientiam
2574 2209 2640 2313 et

600 2333 1140 2442 longanimitatem
1183 2361 1331 2405 cum
1368 2339 1598 2434 gaudio
1652 2360 1727 2406 ac
1769 2347 2067 2431 prompte
2120 2337 2489 2438 collimare.
2546 2343 2634 2409 sic

602 2456 853 2549 qnoque
874 2466 942 2513 se
973 2446 1354 2549 compellere
1385 2439 1466 2512 ad
1495 2445 1824 2547 suiipsius
1841 2444 2253 2537 despectum,
2288 2471 2358 2513 ac
2384 2471 2450 2513 se
2474 2470 2637 2538 pau-

524 2636 537 2653 ·
597 2564 816 2679 perem
853 2550 1214 2641 inssmaeque
1258 2551 1442 2639 sortis
1480 2551 1978 2618 homuncionem
2018 2565 2375 2649 reputare·
2422 2553 2510 2619 sic
2553 2576 2669 2653 ne·

599 2652 881 2729 intentus
926 2659 1006 2725 sit
1050 2658 1241 2724 rebus
1275 2656 1486 2721 minus
1531 2655 1831 2732 utilibus»,
1878 2656 1990 2722 sed
2043 2680 2306 2780 semper
2340 2681 2480 2748 quae
2520 2654 2638 2726 Dei

605 2777 753 2835 sunt
782 2764 1149 2859 meditetur,
1174 2772 1239 2827 et
1254 2761 1534 2851 proferat
1557 2782 1667 2826 ore
1697 2772 1764 2827 et
1788 2761 2025 2827 corde.
2061 2760 2150 2829 sic
2175 2786 2257 2829 ne
2289 2763 2381 2830 ira
2407 2782 2634 2831 excan-

609 2872 826 2943 descat
848 2876 957 2939 aut
978 2867 1283 2944 clamitet,
1299 2864 1482 2931 sicuti
1501 2863 1744 2932 dictum
1757 2877 1884 2931 est.
1909 2866 2178 2933 «Omnis
2195 2868 2600 2937 amarulentus
2611 2916 2630 2947 ,

606 2991 717 3049 »et
735 2978 1002 3054 clamor,
1016 2988 1082 3042 et
1107 2972 1222 3050 ira,
1241 2983 1304 3038 et
1323 2962 1715 3047 vociferatio,
1747 2984 1813 3037 et
1837 2972 2282 3051 maledicentia
2315 2975 2568 3044 tollatur
2600 2995 2634 3038 a

495 3134 501 3143 .
607 3112 632 3147 ι
651 3083 828 3149 vobis
853 3100 1001 3149 cum
1024 3080 1196 3146 omni
1219 3068 1494 3144 malitia⁸
1507 3106 1568 3144 .»
1588 3076 1695 3143 Sic
1719 3078 1800 3143 ad
1812 3101 2036 3144 omnes
2050 3100 2262 3146 mores
2278 3078 2532 3147 Domini
2548 3079 2638 3145 in-

608 3190 926 3293 duendos,
969 3188 1049 3252 ad
1083 3206 1341 3261 omnem
1369 3183 1655 3259 virtutis,
1691 3183 1878 3273 probi
1907 3184 2283 3272 honestique
2298 3186 2439 3252 vitae
2469 3181 2638 3251 insti-

608 3294 731 3363 tuti
759 3284 1309 3366 exercitationem,
1328 3289 1410 3354 ad
1444 3309 1704 3357 omnem
1729 3285 2272 3356 conversationem
2301 3288 2599 3358 bonitatis
2614 3339 2635 3373 ,

606 3398 688 3469 ad
709 3396 968 3466 omnem
984 3390 1408 3464 humilitatem
1429 3393 1967 3471 mansuetudinis;
1985 3412 2104 3462 nec
2134 3398 2496 3471 extollatur,
2517 3414 2637 3461 nec

611 3496 809 3571 altum
843 3503 1076 3593 sapiat,
1090 3498 1507 3575 autinssetur,
1541 3501 1641 3566 vel
1669 3486 2003 3587 cujusdam
2034 3499 2264 3575 samam
2299 3499 2628 3579 detrectet.

692 3604 800 3677 VI.
853 3594 956 3674 Ad
983 3602 1119 3683 haec
1148 3606 1360 3671 omnia
1389 3629 1457 3671 se
1486 3607 1869 3694 compellere
1900 3605 2126 3684 dehet,
2161 3605 2265 3695 qui
2295 3602 2472 3695 cupit
2492 3629 2637 3697 pro-

605 3708 746 3780 bari
777 3734 850 3778 ac
868 3696 1146 3807 placere
1187 3709 1474 3785 Christo,
1517 3709 1602 3776 ita
1634 3723 1706 3775 ut
1716 3708 2078 3803 Dominus,
2125 3724 2466 3803 conspecta
2498 3710 2638 3799 ejus

584 3810 1140 3925 ,promptitudine-2
1175 3839 1250 3884 ac
1279 3814 1666 3897 intentione,
1701 3815 1875 3909 ejus,
1909 3817 2197 3907 inquam,
2226 3818 2337 3919 qui
2378 3820 2458 3888 ad
2484 3838 2638 3908 pro·

675 3975 691 3999 ⁸
720 3957 898 4027 ssphoe.
920 3973 988 4017 tv,
1011 3956 1096 4009 δι.
