2982 4885
924 565 1103 613 uun
1150 565 1231 610 nn
1277 560 1644 631 ammianus.
2184 538 2312 609 523

278 698 488 755 autem
522 686 679 751 alter
714 681 970 771 quidam
1009 682 1371 771 opponebat
1398 731 1417 758 ,
1467 682 1685 748 dicens
1720 679 2072 748 Dominum
2105 683 2313 746 malo-

279 815 421 858 rum
452 812 586 856 esse
616 789 959 862 factorem,
1002 788 1109 874 qui
1147 801 1211 853 et
1260 788 1392 876 ipse
1437 800 1533 853 est
1579 787 1912 852 haereticus
1960 787 2215 874 pariter,
2251 797 2316 851 et

277 918 426 963 cum
457 895 709 980 utrique
741 892 1149 957 contentione
1179 892 1498 957 ferrentur
1538 891 1744 967 inani,
1792 891 2152 956 nescierunt
2194 913 2316 981 po-

281 1001 542 1068 tentiam
575 997 881 1065 rationis=
921 996 1247 1085 Scriptura
1294 997 1465 1063 enim
1510 996 1717 1061 Deum
1762 996 1974 1061 facere
2014 996 2220 1070 bona,
2252 1006 2317 1060 et

279 1104 691 1172 nihilominus
732 1114 797 1168 et
832 1103 1005 1193 ¹mala
1049 1100 1258 1166 facere
1295 1101 1701 1190 praedicavit,
1751 1122 1898 1166 cum
1953 1101 2122 1165 dicat
2172 1100 2320 1166 Pro-

280 1210 513 1300 pheta:
548 1236 573 1269 «
615 1210 748 1297 Ego
801 1230 943 1272 sum
993 1206 1305 1271 Dominus
1353 1205 1458 1293 qui
1517 1206 1680 1270 facio
1735 1228 1991 1294 pacem,
2048 1217 2114 1269 et
2171 1226 2318 1269 creo

280 1312 551 1379 »mala¹.
586 1340 611 1375 n
657 1312 738 1377 Et
764 1313 927 1378 alter
965 1308 1284 1398 Propheta
1316 1334 1331 1372 ε
1379 1337 1403 1369 ι
1429 1309 1498 1374 Si
1532 1321 1664 1383 est,
1702 1309 1905 1397 inquit
1928 1358 1944 1383 ‚
1977 1308 2216 1374 malitia
2255 1307 2319 1372 in

283 1446 308 1479 ι
327 1418 613 1492 civitate,
650 1439 842 1502 quam
870 1416 1043 1480 Deus
1068 1437 1197 1480 non
1226 1412 1417 1480 secit²
1443 1412 1473 1478 Ρ
1500 1442 1526 1475 n
1565 1413 1693 1480 Sed
1713 1415 1876 1480 mala
1906 1413 2019 1489 ista
2055 1434 2182 1475 non
2218 1420 2322 1476 na-

286 1537 427 1588 tura
443 1544 579 1587 esse
600 1520 755 1586 dixit
769 1519 1141 1609 Scripturaa
1166 1520 1302 1585 Deo
1328 1519 1517 1594 facta,
1545 1522 1657 1585 sed
1678 1518 1882 1584 causis
1912 1515 2324 1583 existentibus

287 1625 617 1693 hominum
637 1673 655 1700 ,
689 1624 934 1690 scilicet
963 1624 1026 1688 in
1060 1625 1198 1714 lege
1227 1624 1633 1712 peccantium
1665 1622 1936 1692 Domino
1955 1670 1975 1698 ,
2007 1620 2148 1708 quae
2176 1629 2326 1683 sunt

291 1728 669 1799 tentationes
699 1729 1156 1817 persecutionis
1177 1778 1192 1803 ,
1228 1730 1616 1817 diversaeque
1646 1727 1947 1816 angustiae
1968 1774 1986 1802 ,
2021 1747 2160 1812 quae
2189 1720 2326 1788 Deo

288 1835 695 1923 permittente
732 1835 1068 1923 insurgunt
1113 1836 1565 1923 peccantibus,
1621 1836 1783 1900 sicut
1828 1834 2134 1921 scriptum
2184 1840 2321 1894 est:

307 1968 332 2001 ι
356 1940 517 2021 Quis
548 1940 724 2007 dedit
761 1939 953 2006 Israe‘l
993 1940 1054 2004 in
1092 1940 1550 2029 direptionem,
1599 1962 1811 2005 nonne
1859 1937 2169 2005 Dominus
2221 1932 2326 1999 cui

293 2074 319 2106 ι
338 2060 762 2135 peccaverunt
781 2096 799 2120 ,
820 2059 885 2111 et
906 2048 1250 2111 noluerunt
1282 2047 1346 2112 in
1373 2047 1487 2112 viis
1520 2045 1660 2134 ejus
1693 2046 2014 2111 ambulare
2034 2042 2055 2077 ⁸
2083 2043 2159 2107 i>-
2187 2039 2326 2107 Non

297 2164 508 2216 autem
542 2151 764 2215 secisse
805 2155 1034 2215 malam
1082 2152 1291 2216 Deum
1328 2163 1622 2216 naturam
1663 2151 1819 2216 dicit
1849 2150 2175 2237 Scriptura
2222 2145 2328 2211 ali-

297 2255 450 2321 cubi
488 2276 503 2316 :
552 2281 577 2311 «
613 2254 781 2317 Ecce
832 2255 1007 2318 enim
1044 2255 1254 2318 omnia
1301 2256 1483 2318 valde
1529 2267 1720 2318 erant·
1754 2253 1954 2327 bona,
1996 2275 2136 2338 quae
2180 2250 2330 2316 fecit

299 2356 579 2429 »Deus⁴,
604 2382 630 2415 n
664 2356 729 2419 in
760 2355 922 2419 libro
961 2356 1316 2427 Geneseos‚
1358 2356 1424 2420 id
1454 2366 1588 2427 est,
1628 2366 1933 2427 creatura>
1970 2352 2209 2416 muudi.
2251 2352 2333 2417 Et

302 2462 451 2529 alibi
480 2460 799 2549 Propheta
836 2461 1035 2526 dicit:
1074 2486 1100 2519 ι
1125 2459 1445 2539 Quoniam
1486 2459 1659 2532 Deus
1695 2460 1935 2523 malum
1982 2479 2111 2524 non
2152 2454 2330 2529 fecit,

301 2595 328 2629 ι
349 2585 553 2652 neque
568 2567 920 2631 delectatur
942 2562 1380 2653 inssperditione
1412 2562 1764 2628 vivorum⁶.
1796 2590 1823 2624 ι
1841 2563 2012 2643 Quia
2031 2582 2181 2648 ergo
2206 2581 2335 2623 non

305 2692 496 2736 causa
522 2669 639 2735 Dei
669 2668 940 2734 creantis
971 2682 1067 2735 est
1103 2670 1267 2735 mala
1302 2667 1695 2743 naturaliter,
1740 2668 1852 2733 sed
1886 2665 2217 2732 hominum
2237 2684 2341 2727 vo-

304 2773 600 2848 luntatis,
625 2796 765 2861 quae
793 2774 1065 2838 obnoxia
1094 2774 1216 2862 legi
1238 2774 1354 2839 Dei
1382 2785 1666 2862 urgetur,
1708 2786 1774 2839 et
1811 2771 2133 2838 coertione
2159 2791 2338 2835 cons·

310 2879 565 2968 tringit,
648 2879 1075 2944 conversionis
1134 2900 1322 2944 causa
1378 2901 1409 2943 a
1467 2878 1743 2945 Domino
1794 2877 1930 2943 haec
1988 2875 2346 2940 inferuntur

310 2982 678 3051 hominibus
721 2984 1022 3071 quotidie.
1077 2983 1239 3048 Cum
1283 3005 1435 3072 ergo
1478 2982 1618 3048 haec
1660 2982 1980 3057 dicuntur,
2021 2978 2344 3068 quomodo

313 3089 480 3154 dicta
531 3101 680 3154 sunt
718 3089 1011 3177 ignorant
1046 3112 1062 3153 ε
1116 3103 1256 3175 quae
1307 3089 1478 3154 enim
1533 3089 1836 3177 putantur
1876 3086 2242 3152 hominibus
2278 3082 2348 3148 in

316 3193 638 3258 coe‘rtione
678 3197 876 3268 mala,
912 3193 1048 3258 haec
1080 3192 1453 3259 eruditionis
1491 3205 1557 3257 et
1594 3191 1881 3257 utilitatis
1926 3202 2072 3254 sunt
2116 3191 2300 3276 plena
2323 3232 2341 3259 ,

317 3320 458 3384 quae
478 3296 811 3362 hominum
842 3302 1130 3362 voluntas
1162 3321 1450 3386 perversa
1484 3296 1615 3385 pati
1651 3306 1955 3365 meretur.
1996 3313 2144 3356 cum
2182 3289 2353 3354 dicat

319 3400 656 3489 Apostolus
685 3423 699 3464 :
738 3427 763 3458 α
787 3398 1109 3484 Numquid
1139 3402 1412 3485 injustus
1433 3403 1607 3494 Deus
1630 3400 1738 3488 qui
1768 3397 1959 3464 infert
1981 3397 2137 3461 iram
2166 3415 2348 3459 suam

320 3502 795 3572 »hominibus⁶.
826 3528 853 3562 ι
884 3501 1023 3565 Non
1066 3512 1278 3565 tamen
1324 3502 1459 3566 sine
1495 3505 1764 3569 utilitate
1806 3515 1873 3569 et
1918 3503 2352 3566 emolumento

322 3610 536 3676 futuro
568 3608 705 3670 haec
728 3616 956 3670 cuncta
992 3603 1273 3669 humano
1297 3604 1514 3691 generi
1547 3603 1683 3669 fieri
1706 3608 2159 3692 permittuntur
2183 3628 2200 3668 t
2226 3604 2354 3692 jus-

327 3727 429 3779 tus
448 3711 619 3776 enim
650 3711 714 3774 in
738 3708 1148 3774 tribulatione
1170 3707 1541 3774 sustinendo
1562 3706 1812 3774 fidelior
1839 3723 1903 3775 et
1931 3709 2158 3796 justior
2184 3729 2356 3776 com·

326 3817 657 3908 probatur,
695 3827 992 3903 peccator
1028 3825 1241 3880 autem
1273 3825 1381 3879 aut
1402 3837 1671 3902 peccare
1697 3814 1937 3880 desinet
1958 3815 2349 3891 emendatus,

404 3985 418 4008 ¹
448 3970 560 4020 lmtz
590 3985 702 4027 xcv,
731 3985 780 4034 7.
804 3993 865 4007 -
888 3978 908 4001 ¹
935 3973 1104 4016 Amos.
1137 3983 1216 4028 m,
1236 3967 1302 4018 ⁷6.
1323 3993 1384 4008 -
1410 3970 1433 4007 ⁸
1473 3967 1589 4019 lsai.
1612 3984 1742 4029 nn,
1763 3967 1816 4028 6.
1843 3994 1904 4008 —
1933 3971 1953 4012 ⁴
1974 3968 2101 4021 Gen.
2129 3986 2167 4033 ι,
2191 3968 2356 4019 51.-

334 4057 354 4091 ⁸
379 4051 490 4118 Sap.
517 4069 554 4110 ι,
584 4049 656 4098 13.
677 4076 737 4089 -
764 4050 786 4084 θ
807 4048 948 4099 Rom.
979 4062 1056 4103 m.
1077 4047 1127 4097 ³.
