2982 4885
822 556 902 599 nn
949 556 1296 603 numm-u
1346 558 1431 603 n·
1476 560 1915 613 nuens-nous.
2266 553 2388 630 338

359 675 491 739 tera
518 677 585 733 et
614 688 844 757 anceps
868 685 1291 747 momentum,
1317 673 1669 763 jugumque
1695 679 1945 749 arbitrii
1980 686 2189 754 cordis
2217 692 2398 777 qua-t

358 768 676 837 sublatum
707 787 837 850 est;
874 799 1266 866 examenque
1291 780 1385 845 sic
1416 779 1491 848 fit
1526 785 1858 869 explorans
1890 786 2144 858 intimes
2176 812 2396 873 seusun

357 874 562 945 omnis
590 880 836 965 generis
868 880 1229 960 hominum,
1265 909 1378 951 seu
1405 886 1470 952 in
1502 888 1769 955 urbibus
1795 893 2157 980 degentium
2188 900 2397 979 Chris.

355 976 706 1059 tianorum,
741 1008 854 1050 seu
902 986 966 1053 in
1003 990 1364 1065 montibus.
1406 1015 1521 1058 seu
1560 994 1622 1061 in
1663 999 2099 1076 monasteriis:
2144 1002 2275 1071 sive
2324 1007 2393 1079 in

352 1085 513 1172 agris
533 1137 551 1162 ,
584 1089 714 1154 sive
737 1090 799 1155 in
826 1094 1288 1163 solitudinibus.
1330 1098 1970 1190 Deprehenditurque
2004 1129 2083 1171 ex
2111 1131 2187 1173 oo
2222 1115 2394 1197 quod

348 1189 564 1255 volens
605 1195 744 1280 quis
789 1197 1099 1267 alliciatur
1135 1201 1213 1266 ab
1244 1225 1317 1267 ea
1362 1226 1430 1267 re
1477 1226 1899 1294 quaecumque
1945 1210 2204 1279 tandem
2267 1228 2387 1299 nst,

349 1312 540 1378 quam
565 1312 759 1374 amat,
786 1306 1069 1370 nondum
1091 1329 1276 1373 suum
1295 1331 1553 1375 omnem
1588 1332 1868 1379 amorem
1890 1315 2024 1380 Deo
2054 1320 2382 1393 addixisao.

345 1395 633 1490 Exempli
656 1406 876 1492 gratia,
905 1410 1260 1498 diligitquis
1281 1414 1444 1481 sorte
1466 1416 1914 1502 possessiones,
1942 1421 2099 1487 alius
2133 1447 2388 1507 anim

351 1503 509 1569 alius
529 1522 698 1574 amat
729 1514 932 1579 ventri
965 1506 1308 1593 servirent
1340 1519 1671 1608 indulgere
1695 1525 2226 1610 concupiscentiis
2256 1551 2393 1599 unn-

352 1612 491 1693 nis3
530 1614 690 1683 alius
719 1617 1092 1705 sapientiam
1119 1634 1285 1688 amat
1312 1636 1577 1712 propter
1609 1625 1875 1713 gloriam
1907 1627 2229 1717 fragilem3
2262 1656 2391 1707 non

349 1740 541 1789 nemo
555 1723 755 1791 ambit
779 1723 1238 1811 praefecturam
1264 1731 1425 1805 alter
1438 1730 1714 1799 honores
1728 1731 1806 1796 ab
1836 1732 2227 1812 hominibus;
2242 1738 2392 1813 huic

347 1828 556 1914 placet
577 1828 665 1895 ira
696 1829 936 1906 efferri,
970 1843 1036 1896 et
1071 1831 1234 1908 bile3
1272 1857 1420 1901 nam
1448 1835 1821 1922 impendere
1844 1861 1910 1903 se
1936 1839 2143 1927 ipsum
2169 1843 2389 1918 amicis

344 1933 762 2011 vindicandis,
798 1938 934 2001 laus
963 1936 1083 2022 ipsi
1114 1938 1364 2005 videtur
1398 1963 1414 2005 ε
1452 1940 1559 2006 alii
1585 1940 1885 2027 jucunda}
1910 1958 2058 2010 sunt
2075 1947 2388 2023 consalin-v

338 2039 603 2109 lationes
627 2041 846 2109 sacetae
885 2046 965 2110 de
1003 2044 1186 2132 nugis
1217 2046 1615 2117 scurrilibus,
1654 2048 2017 2127 Quemdam
2056 2054 2259 2129 soluts
2306 2054 2386 2128 li.

339 2149 547 2216 centia
587 2151 754 2216 ultra
794 2151 1011 2215 decori
1046 2153 1350 2218 terminos
1380 2156 1728 2242 evagandi;
1764 2169 1873 2224 aut
1907 2159 2117 2225 verbis
2162 2161 2381 2238 onmis

339 2256 692 2327 attendere,
732 2266 841 2320 ant
881 2256 1256 2341 magistrum
1293 2281 1469 2330 esse3
1502 2270 1568 2322 et
1604 2259 1727 2323 hoc
1763 2266 2156 2349 aucupandae
2189 2288 2379 2341 caua·

335 2356 419 2436 *ab
464 2357 832 2422 hominibus
871 2358 1104 2445 glorioe.
1150 2359 1242 2424 Ac
1274 2359 1499 2444 aliquis
1531 2361 1788 2445 quidem
1833 2363 1899 2427 in
1946 2377 2269 2451 torporem
2314 2384 2382 2442 et

338 2459 787 2549 negligentiam
847 2461 1181 2527 incumbit.
1242 2461 1355 2528 Est
1408 2484 1601 2548 quem
1660 2466 1934 2532 delectet
1995 2482 2257 2538 ornatos
2302 2496 2377 2552 ιᾳ

338 2568 640 2654 splendor
686 2565 975 2632 vestium.
1014 2566 1132 2632 Hic
1183 2589 1442 2640 somno,
1480 2567 1584 2634 ille
1619 2567 1937 2638 dicacitati
1973 2570 2372 2668 facetiarum,

336 2673 494 2738 alius
540 2695 746 2761 parvae
801 2671 1077 2761 cuipiam
1134 2685 1244 2738 aut
1302 2694 1547 2761 magnae
1608 2677 2083 2745 mundanarum
2152 2704 2367 2763 rorum

333 2775 567 2848 affectu
608 2776 850 2843 defixus
893 2778 1131 2852 haeret3
1178 2777 1265 2843 ita
1311 2789 1388 2843 ut
1426 2801 1501 2844 ea
1548 2779 1726 2865 quasi
1763 2780 2007 2848 vinctus
2049 2797 2364 2881 tenentum,

328 2907 446 2951 nec
491 2884 686 2973 possit
730 2908 980 2950 sursum
1034 2885 1349 2973 aspicere;
1399 2909 1592 2973 quam
1656 2887 1829 2955 enim
1880 2890 2107 2978 aliquis
2165 2895 2361 2964 animi

325 2990 423 3055 sui
455 3013 711 3078 pravam
750 2990 1154 3057 affectionem
1187 3014 1314 3057 non
1345 3006 1669 3081 oppugnat
1692 2995 1944 3072 acriter,
1972 2998 2205 3086 cuique
2228 3025 2359 3071 nnn

325 3097 569 3166 obsistit
592 3119 918 3185 generose,
957 3120 1032 3163 cn
1065 3100 1324 3165 tandem
1359 3100 1737 3175 delectatur,
1771 3113 1837 3166 et
1856 3114 2010 3168 tunc
2033 3105 2141 3170 illa
2168 3106 2362 3188 trahit

323 3202 529 3290 ipsum
577 3225 651 3268 ac
690 3204 972 3280 detinet,
1027 3218 1093 3270 et
1146 3228 1352 3270 uncus
1408 3207 1578 3272 velut
1628 3206 1888 3294 quidam
1933 3211 2185 3284 collaris
2220 3213 2362 3302 ejus

251 3391 256 3394 -
320 3310 550 3376 mentis
595 3308 668 3376 {it
692 3360 709 3385 ‚
744 3313 1040 3400 deorsum
1078 3311 1253 3376 illam
1292 3310 1632 3377 incurvans
1669 3325 1899 3399 negato
1934 3313 2021 3377 illi
2058 3328 2358 3399 suspectu

322 3416 400 3480 ad
436 3417 643 3482 Deum
695 3416 934 3491 libero,
981 3440 1099 3480 nec
1142 3417 1515 3501 permittens
1562 3415 1653 3481 illi
1686 3417 1800 3481 soli
1833 3417 2087 3482 servire.
2127 3416 2357 3489 Anima

311 3522 513 3599 enim,
539 3545 679 3610 qua:
703 3543 850 3585 vere
874 3521 955 3582 ad
983 3517 1326 3584 Dominum
1355 3518 1667 3602 impetum
1691 3542 1879 3585 sunm
1902 3519 2138 3607 dirigit,
2166 3544 2357 3590 omne

317 3628 412 3694 illi
461 3650 646 3693 suum
701 3622 1084 3690 desiderium
1130 3618 1486 3708 permittit,
1524 3620 1782 3706 ipsaque
1833 3624 1900 3688 in
1946 3624 2242 3690 omnibns
2286 3649 2355 3695 so

316 3730 518 3818 ipsam
565 3732 869 3818 abnegat,
905 3726 1300 3816 propt-imque
1342 3723 1574 3790 mentis
1626 3723 2141 3794 inclinationibus
2179 3730 2352 3802 haud

313 3837 701 3925 obsequitur.
1762 3881 1767 3892 ·

396 3941 635 4012 XXVI.
673 3941 1050 4009 Docendum
1074 3939 1140 4003 in
1171 3939 1494 4025 exemplo,
1531 3936 1853 4024 quomodo
1877 3938 2013 4015 fiat,
2032 3953 2105 4005 ut
2125 3958 2351 4032 pereat

305 4051 526 4129 homo,
542 4071 621 4118 eo
642 4049 812 4138 quod
846 4045 1113 4138 propriae
1136 4043 1477 4124 obsecutus
1490 4041 1685 4109 fuerit
1709 4044 2015 4112 voluntati
2029 4071 2048 4124 ς
2080 4063 2350 4138 propter

2014 4152 2116 4218 23.
