2982 4885
1101 532 1355 580 nouum
1404 532 1534 576 xv1.
2213 508 2336 598 137

298 647 511 716 situm.
529 647 940 720 frumentum,
973 657 1039 712 et
1072 647 1334 712 seorsim
1357 647 1505 713 lolia
1525 671 1541 713 ε
1561 647 1824 738 perinde
1853 666 1926 713 ac
1949 645 2133 713 estin
2151 645 2344 714 domo

276 752 569 840 ,seorsim
598 754 786 825 latro,
816 762 881 815 et
908 751 1169 816 seorsim
1202 751 1497 816 dominus
1524 756 1769 822 domus.
1839 787 1842 792 ·

318 845 323 852 ⁴
391 859 470 925 11.
532 856 625 924 Sit
652 857 839 942 iens,
875 856 983 943 qui
1016 879 1240 944 puram
1274 879 1502 944 aquam
1535 858 1821 944 emittat,
1867 880 1939 948 ac
1977 857 2342 945 subjectum

302 965 535 1033 habeat
564 985 819 1030 coeuum
848 986 864 1026 z
904 984 1054 1027 cum
1086 985 1236 1050 ergo
1268 963 1491 1051 aliquis
1534 985 1788 1029 coenum
1831 963 2211 1037 turbaverit,
2245 975 2348 1029 to-

288 1057 402 1158 'tus
417 1069 558 1135 sons
581 1068 987 1153 inquinatur:
1018 1067 1108 1133 sic
1130 1090 1381 1154 quoque
1401 1068 1635 1144 anima,
1665 1069 1715 1134 si
1738 1068 1930 1135 suerit
1952 1069 2343 1156 perturbata,

302 1175 669 1262 inquinatur
686 1185 752 1239 et
773 1172 1196 1262 permiscetur
1212 1173 1463 1240 malitiae
1483 1200 1502 1249 ;
1526 1173 1725 1262 fitque
1740 1174 2004 1240 Satanas
2029 1195 2345 1239 consensu

301 1302 504 1345 uuum
563 1299 714 1346 cum
750 1277 997 1354 anima,
1043 1290 1386 1365 utrumque
1428 1279 1690 1366 quidem
1737 1277 2036 1368 spiritus,
2084 1277 2165 1343 ad
2210 1288 2348 1343 stu-

302 1407 516 1473 prum,
546 1393 658 1448 aut
673 1382 918 1450 casdem
937 1381 1491 1449 committendum.
1518 1382 1862 1462 Quocirca,
1884 1410 1910 1444 ι
1926 1383 2054 1463 Qui
2075 1383 2353 1449 adhaeret

304 1485 702 1558 »meretrici‚
742 1508 945 1549 unum
978 1507 1209 1570 corpus
1231 1498 1326 1550 est
1348 1486 1395 1549 ⁸.
1423 1515 1449 1547 s
1489 1487 1729 1552 Verum
1763 1486 1879 1552 alia
1911 1485 2068 1551 hora
2089 1485 2350 1550 seorsim

311 1587 520 1653 anima
564 1586 888 1660 subsistit,
923 1597 1112 1671 atque
1147 1587 1519 1673 poenitentia
1555 1609 1778 1652 eorum
1799 1635 1818 1661 ,
1858 1610 1998 1673 quae
2034 1587 2353 1653 commisit

308 1692 528 1764 ducta,
571 1691 850 1776 lugeret
885 1700 1213 1778 precatur,
1255 1702 1443 1780 atque
1480 1691 1594 1756 Dei
1634 1692 2022 1756 recordatur.
2072 1691 2138 1756 Si
2181 1691 2352 1756 euim

308 1796 519 1863 anima
540 1816 793 1883 semper
811 1795 1097 1859 demersa
1118 1807 1279 1860 esset
1312 1796 1376 1859 iu
1402 1796 1733 1871 malitiam,
1765 1819 1892 1883 quo
1925 1807 2113 1884 pacto
2134 1808 2352 1885 posset

294 1887 442 1969 *haec
470 1900 734 1992 sacerei’
765 1921 913 1964 cum
951 1899 1213 1966 Satanas
1246 1924 1572 1988 uunquam
1598 1900 1789 1977 velit,
1831 1915 1904 1967 ut
1935 1901 2014 1967 ad
2039 1902 2348 1990 poeniteu-

308 2008 460 2073 tiam
510 2017 909 2072 revertantur
959 2005 1250 2093 homines
1280 2032 1298 2080 ς
1355 2006 1805 2072 immisericors
1862 2007 2172 2094 siquidem
2226 2020 2339 2073 est.

286 2115 534 2191 ‚Itidem
563 2114 829 2187 mulier,
866 2115 1119 2199 quaudo
1152 2135 1303 2178 cum
1339 2113 1472 2178 viro
1500 2113 1709 2179 soedus
1740 2113 2044 2178 connubii
2071 2113 2218 2188 init,
2250 2125 2347 2179 est

307 2241 508 2286 unum
537 2240 686 2282 cum
720 2217 853 2289 illo,
880 2217 1000 2280 alia
1030 2239 1179 2281 vero
1206 2217 1362 2281 hora
1388 2218 1692 2304 disjuncti
1720 2231 1868 2283 sunt
1895 2240 1911 2281 ε
1952 2240 2096 2282 cum
2124 2219 2348 2305 saepius

308 2345 476 2389 unus
509 2343 587 2383 ex
615 2319 688 2381 iis
716 2319 843 2380 vita
875 2319 1257 2406 defungatur
1283 2367 1299 2391 ,
1336 2323 1494 2383 alter
1531 2344 1682 2383 vero
1717 2335 2032 2408 superstes
2066 2335 2339 2387 maneat.

311 2426 453 2494 Nou
473 2421 650 2488 aliter
680 2441 747 2484 se
771 2440 871 2483 res
894 2418 1087 2483 habet
1110 2419 1174 2483 in
1199 2420 1501 2484 societate
1522 2420 1793 2507 Spiritus
1810 2425 2034 2498 sancti,
2062 2425 2124 2489 in
2153 2447 2350 2490 unum

311 2529 608 2618 spiritum
633 2524 932 2590 evadunt.
974 2548 997 2580 «
1022 2522 1149 2601 Qui
1181 2522 1351 2587 enim
1386 2521 1660 2586 Domino
1695 2523 1997 2590 adhaeret.
2024 2548 2186 2589 unus
2218 2528 2354 2613 Spi-

314 2661 342 2697 ι
362 2622 520 2699 ritus
549 2640 647 2695 est
670 2628 716 2695 ².
751 2656 779 2688 ι
810 2626 999 2706 Quod
1023 2625 1118 2704 fit,
1157 2649 1311 2692 cum,
1340 2628 1535 2692 homo
1559 2628 1939 2694 absorbetur
1968 2652 1997 2693 a
2019 2630 2235 2718 gratia.

304 2802 307 2809 ,
404 2738 514 2803 111.
570 2734 731 2800 Sunt
764 2732 1086 2806 nonnulli,
1126 2733 1232 2820 qui
1263 2733 1412 2798 licet
1442 2745 1699 2820 gustum
1734 2732 2086 2799 Divinitatis
2126 2758 2354 2823 perce-

317 2842 559 2934 perint,
595 2840 803 2905 adhuc
837 2850 1046 2909 tamen
1084 2838 1161 2901 ab
1188 2837 1545 2903 adversario
1573 2838 1889 2926 agitantur
1919 2850 1984 2904 et
2003 2852 2346 2917 vexantur,

312 2948 470 3014 adeo
494 2958 565 3010 ut
599 2945 1089 3030 obstupescant,
1115 2943 1289 3007 velut
1320 2941 1526 3006 adhuc
1559 2942 1792 3030 ignari,
1828 2944 2002 3029 quod
2024 2956 2167 3030 post
2197 2944 2350 3009 visi·-

314 3052 616 3118 tatiouem
646 3047 923 3113 divinam
958 3045 1365 3134 cogitationes
1390 3046 1519 3110 vim
1549 3069 1729 3111 suam
1767 3059 2027 3113 exerant
2054 3050 2134 3113 ad
2167 3070 2350 3136 mys-

302 3139 470 3222 teria
524 3154 879 3223 christianae
931 3151 1266 3239 religionis
1322 3151 1450 3236 Qui
1509 3173 1653 3215 vero
1701 3150 1765 3216 in
1811 3151 1884 3215 iis
1921 3173 2347 3230 consenuere,

302 3264 485 3344 ‘nulla
512 3244 925 3331 admiratione
949 3261 1291 3325 ducuntur.
1322 3256 1414 3323 Ac
1438 3280 1554 3347 pei
1558 3257 1704 3324 inde
1728 3272 1800 3324 ut
1822 3259 2111 3346 agricolas
2135 3258 2348 3346 periti,

317 3388 395 3430 ex
425 3368 609 3454 longa
640 3363 1136 3438 cousuetudine,
1170 3364 1220 3428 si
1263 3362 1533 3428 feracior
1579 3385 1651 3428 ac
1683 3362 1945 3428 uberior
1977 3362 2170 3427 suerit
2200 3362 2350 3429 anni

308 3448 696 3561 tempestas,
729 3492 858 3534 non
899 3472 1086 3556 plane
1119 3469 1357 3554 absque
1388 3489 1541 3531 cura
1579 3467 1833 3542 vivunt,
1868 3468 1981 3531 sed
2018 3477 2356 3555 expectant

318 3577 549 3641 samem
578 3586 644 3639 et
667 3572 1056 3661 angustiam3
1095 3593 1214 3634 nec
1251 3594 1286 3635 e
1311 3569 1585 3643 diverso,
1623 3571 1673 3633 si
1705 3570 1901 3634 sames
1932 3583 2040 3636 aut
2072 3571 2356 3659 angustia

322 3699 433 3746 eos
456 3679 790 3762 opprimat,
806 3700 996 3773 spem
1020 3697 1278 3747 omnem
1304 3675 1660 3763 deponunt,
1686 3695 1833 3739 cum
1860 3672 2359 3761 vicissitudinem

312 3779 566 3885 optime
611 3770 924 3867 cognitam
962 3782 1287 3869 habeant:
1333 3782 1564 3847 codem
1594 3779 1788 3859 modo
1824 3800 1892 3844 se
1931 3799 2032 3842 res
2063 3775 2311 3847 habet
2290 3799 2357 3844 iu

308 3870 798 3980 spiritualibus3
822 3885 936 3953 ubi
956 3910 1127 3959 emm
1141 3886 1326 3956 variis
1362 3885 1816 3983 tentationibus
1845 3907 2144 3977 oppressa
2167 3882 2359 3956 suerit

390 4036 402 4065 ¹
438 4021 1092 4088 :Corv1,=7.-·1bid.
