2982 4885
546 540 678 606 280
1222 557 1272 600 ι.
1324 555 1586 600 nonu
1633 547 1897 599 marr-ru

542 677 695 741 baut
721 701 734 737 :
781 674 881 738 alii
907 694 1056 737 vero
1085 673 1167 737 ob
1194 672 1567 760 sophistices
1596 673 1963 737 exercitium
1996 672 2398 737 admirationi
2423 685 2571 737 sunt

544 778 739 844 habiti
782 800 797 843 :
843 779 943 843 alii
987 773 1367 842 r'betoricam
1405 778 1721 842 docebant
1758 779 2121 865 gravitatem
2154 803 2169 840 ε
2215 779 2317 842 alii
2357 801 2570 865 gram-

544 883 759 948 matici
812 896 876 947 et
920 889 1119 970 poe‘tae
1170 882 1317 948 facti
1365 906 1480 971 pro
1530 882 1814 946 instituto
1852 882 2210 946 scribebant
2252 881 2561 946 historias.

541 989 737 1054 Porro
778 988 1034 1052 suerunt
1079 1011 1331 1075 quoque
1380 988 1533 1052 varii
1581 986 1889 1062 artifices,
1931 987 2077 1074 qui,
2136 1007 2274 1072 quae
2316 997 2458 1049 sunt
2500 985 2566 1048 in

541 1097 822 1168 mundo,
862 1106 1026 1158 artes
1073 1107 1514 1160 exercuerunt.
1555 1094 1847 1173 Quorum
1890 1092 2174 1157 nonnulli
2214 1091 2463 1178 quidem
2503 1090 2571 1155 in

543 1197 731 1285 lignis
767 1210 1089 1262 tornantes
1111 1220 1340 1284 genera
1374 1198 1583 1262 avium
1613 1210 1677 1263 et
1705 1198 2002 1287 piscium,
2039 1209 2104 1262 et
2136 1195 2436 1285 imagines
2465 1195 2574 1259 ho-

545 1304 816 1375 minum,
843 1302 908 1365 in
945 1301 1064 1366 illis
1095 1326 1273 1367 suam
1308 1302 1679 1368 industriam
1712 1314 2209 1368 commonstrare
2239 1301 2575 1367 contende-

549 1419 734 1470 ruut:
770 1406 1058 1471 nonnulli
1093 1430 1241 1473 vero
1285 1407 1348 1472 iu
1383 1431 1509 1472 aere
1551 1407 1992 1474 similitudines
2030 1420 2376 1471 statuarum
2421 1403 2573 1468 alio-

551 1533 822 1597 rumque
862 1515 1286 1598 quorumdam
1334 1516 1623 1602 sculpere
1663 1514 1873 1579 conati
1929 1525 2124 1578 sunt:
2178 1512 2279 1576 alii
2315 1508 2606 1576 aedilicia.

554 1614 936 1704 ingentia-ac
974 1621 1302 1708 splendida
1329 1620 1793 1685 fabricaverunt
1822 1643 1837 1683 ε
1875 1619 1977 1683 alii
2012 1633 2243 1684 terram
2276 1615 2583 1681 fodientes

554 1721 835 1785 referunt
856 1771 873 1795 ,
910 1726 1085 1808 quod
1116 1726 1578 1810 corrumpitur,
1603 1721 1831 1786 'aurum
1856 1734 1920 1784 et
1945 1733 2270 1806 argentum
2297 1745 2312 1781 ε
2353 1720 2457 1783 alii
2490 1720 2589 1782 la-

550 1824 730 1911 pides
752 1826 1059 1910 pretiosos
1088 1848 1104 1887 :
1142 1824 1243 1888 alii
1274 1847 1422 1888 vcro
1446 1824 1728 1910 corporis
1761 1823 2069 1908 elegantia
2095 1822 2338 1907 praediti
2372 1869 2387 1893 ,
2432 1842 2593 1885 cum

551 1929 635 1990 ob
668 1938 1058 1990 venustatem
1095 1931 1301 1991 vultus
1334 1929 1430 1991 sui
1460 1929 1942 2002 extollerentur,
1979 1926 2175 2014 magis
2208 1924 2398 1990 illecti
2433 1938 2596 1990 sunt

553 2052 585 2092 a
622 2027 849 2090 Satana
878 2077 892 2100 ‚
929 2041 1119 2114 atque
1149 2030 1210 2093 in
1254 2043 1590 2117 peccatum
1621 2030 1795 2118 lapsi.
1841 2030 1920 2094 Et
1949 2029 2014 2094 hi
2053 2052 2271 2094 omnes
2294 2027 2592 2117 praedicti

553 2129 824 2195 artifices
850 2132 1087 2197 detenti
1105 2134 1184 2199 ab
1204 2134 1711 2218 intus-habitante
1739 2148 2062 2222 serpente;
2086 2147 2150 2200 et
2175 2157 2303 2198 non
2327 2155 2590 2221 cognos-

551 2246 768 2299 centes
798 2258 1016 2302 secum
1039 2239 1325 2304 habitare
1349 2253 1708 2326 peccatum,
1738 2240 1966 2328 captivi
1994 2262 2064 2304 ac
2091 2240 2251 2303 servi
2280 2260 2585 2325 perversae

552 2340 880 2427 potestatis
909 2341 1056 2409 sacti
1075 2355 1243 2418 sunt,
1272 2345 1429 2409 nihil
1450 2345 1650 2431 adjuti
1678 2369 1711 2408 a
1745 2344 2006 2409 scientia
2036 2356 2100 2409 et
2129 2356 2264 2408 arte
2295 2368 2429 2409 sua.

646 2441 756 2509 lll.
813 2445 1047 2511 Similis
1074 2460 1176 2513 est
1217 2470 1368 2536 ergo
1415 2450 1729 2524 muudus,
1781 2450 1951 2512 omni
1992 2449 2289 2514 varietate
2326 2451 2583 2537 plenus,

562 2549 806 2615 homini
844 2551 1017 2616 diviti
1048 2552 1392 2639 possidenti
1425 2555 1646 2618 domos
1677 2551 2032 2641 splendidas
2061 2565 2125 2618 et
2156 2576 2441 2642 maguaS,
2477 2575 2587 2617 au-

565 2677 708 2720 rum
740 2665 806 2718 ct
835 2670 1166 2743 argentum
1190 2705 1207 2729 ,
1236 2680 1307 2721 ac
1332 2659 1753 2743 possessiones
1778 2660 1975 2723 varias
1993 2708 2009 2733 ,
2040 2649 2352 2746 omneque
2375 2659 2591 2724 minis-

564 2759 794 2822 terium
839 2756 1251 2821 invidendum
1293 2781 1309 2822 t
1353 2781 1574 2825 verum
1619 2783 1765 2826 cum
1805 2764 2076 2850 graviter
2119 2764 2355 2829 morbis
2410 2776 2591 2850 atque

565 2862 1014 2928 afflictionibus
1036 2861 1473 2937 distineretur,
1506 2864 1838 2931 astiterunt
1858 2869 1914 2933 ei
1937 2870 2151 2934 cuncti
2184 2868 2426 2955 cognati
2446 2891 2592 2931 cum

566 2966 864 3029 omnibus
895 2964 1122 3050 opibus
1157 2988 1281 3030 non
1314 2970 1590 3035 valentes
1614 2994 1760 3036 eum
1786 2996 1864 3036 ex
1890 2973 2246 3038 infirmitate
2270 2972 2574 3060 expedire.

474 3112 479 3115 -
569 3069 752 3134 Nulla
785 3088 936 3153 ergo
970 3046 1289 3157 diligentia
1320 3094 1567 3150 eorum,
1604 3075 1712 3162 qui
1744 3090 1892 3142 sunt
1919 3078 1980 3141 in
2007 3079 2281 3151 saeculo,
2314 3098 2440 3140 non
2471 3074 2595 3140 fra-

570 3176 737 3245 tres,
766 3193 895 3235 non
938 3173 1202 3248 divitiae,
1246 3197 1373 3240 non
1406 3177 1749 3254 fortitudo,
1783 3204 1899 3247 nec
1941 3183 2097 3258 alia,
2133 3205 2270 3269 quae
2301 3181 2597 3270 praedicta

573 3288 756 3350 sunt,
794 3277 1147 3343 demersam
1182 3302 1213 3342 a
1247 3294 1512 3366 peccato
1549 3281 1817 3349 animam
1842 3335 1857 3358 ,
1894 3299 1958 3351 et
1989 3309 2128 3374 quae
2165 3308 2324 3374 pure
2356 3285 2601 3375 prospi-

574 3402 723 3444 cere
754 3382 997 3467 nequit,
1034 3384 1312 3470 eripiunt
1343 3406 1379 3447 e
1403 3398 1705 3471 peccato;
1734 3390 1844 3453 sed
1871 3392 2000 3455 sola
2035 3388 2269 3455 Christi
2300 3389 2603 3478 apparitio

572 3496 925 3572 expui-gare
958 3499 1165 3572 potest
1197 3487 1468 3554 animam
1504 3504 1570 3556 et
1593 3516 1838 3583 corpus.
1874 3495 1971 3561 Ab
1998 3495 2169 3560 omni
2205 3495 2390 3583 igitur
2413 3493 2601 3579 hujus

577 3590 719 3653 vitae
754 3611 906 3654 cura
956 3592 1240 3668 liberati,
1277 3617 1572 3663 vacemus
1604 3599 1913 3674 Domino,
1952 3603 2292 3664 clamantes
2334 3600 2412 3662 ad
2455 3619 2603 3661 eum

580 3707 779 3759 noctu
803 3696 1057 3783 diuque.
1101 3697 1373 3765 Mundus
1401 3703 1573 3768 enim
1592 3702 1697 3767 hic
1726 3704 2130 3792 conspicuus,
2165 3717 2230 3770 et
2251 3724 2390 3791 quae
2419 3715 2514 3767 est
2541 3703 2608 3767 in

578 3822 658 3863 eo
698 3800 982 3885 requies,
1020 3819 1257 3890 quanto
1297 3809 1495 3896 magis
1541 3829 1769 3898 corpus
1810 3810 2106 3876 videntur
2140 3810 2386 3883 fovere,
2433 3820 2610 3871 tanto

566 3903 1015 3971 vehementius
1041 3912 1264 3979 animae
1297 3911 1702 3980 affectiones‘
1685 3915 1966 3994 irritant,
1999 3931 2189 4005 atquo
2222 3927 2454 4004 augent
2474 3912 2611 3999 ejus

580 4009 1008 4091 afflictionem,
2179 4046 2188 4049 '

145 4488 645 4707 Ὕὴ

526 4710 585 4795 'k
