2982 4885
1084 533 1345 594 nomm
1387 539 1561 597 nm.
2213 565 2336 637 271

296 648 480 720 ditur
502 649 795 723 hostibus
817 705 835 732 ,
869 670 934 724 et
960 656 1026 724 in
1058 660 1468 732 dissolutione
1491 670 1772 758 corporis
1806 698 1839 740 a
1861 679 2170 759 tenebris,
2201 709 2343 776 quae

297 769 481 824 nunc
510 760 1065 850 comprehendunt
1081 766 1287 846 illum,
1320 769 1387 837 in
1420 773 1569 840 alias
1597 778 1988 849 molestiores
2015 789 2334 871 tenebras,

294 873 367 928 et
391 863 459 930 iu‘
488 866 819 933 interitum
844 871 1066 959 porgit,

394 969 498 1036 Vl.
554 971 828 1039 Perinde
870 997 1019 1040 vero
1053 1000 1124 1042 ac
1172 978 1223 1043 si
1266 978 1346 1045 sit
1388 981 1648 1061 hortuS,
1696 988 2028 1060 arboribus
2069 999 2345 1074 fructife-

297 1073 389 1140 ris
411 1125 430 1152 ,
474 1089 544 1142 et
577 1078 712 1144 aliis
741 1078 1169 1169 fragrantibus
1208 1087 1439 1173 plantis
1471 1091 1753 1158 consitus
1776 1142 1795 1168 ,
1831 1106 2019 1184 atque
2056 1125 2172 1192 per
2208 1132 2338 1175 om-

296 1178 412 1243 nia
435 1181 607 1247 bene
629 1187 916 1250 excultus
940 1199 1004 1256 et
1026 1202 1363 1255 exornatus
1380 1240 1398 1267 ,
1433 1194 1717 1260 munitus
1741 1219 1991 1288 quoque
2011 1230 2129 1306 pro
2151 1214 2341 1298 vallo,

302 1281 535 1371 exiguo
580 1289 820 1375 pariete
849 1306 1265 1360 conservante
1301 1318 1448 1361 eum
1469 1323 1488 1374 3
1540 1300 1863 1390 contingat
1893 1330 2041 1376 vcro
2079 1311 2345 1386 ssuvium

299 1387 606 1473 rapidum
651 1393 785 1459 illic
826 1406 1259 1465 transcurrere
1292 1451 1309 1476 ,
1345 1403 1496 1468 licet
1543 1407 1868 1475 modicum
1915 1437 2092 1512 aquae
2135 1421 2350 1510 allidat

301 1490 576 1575 parieti,
631 1501 985 1585 corrumpit
1028 1502 1551 1583 fundamentum,
1604 1524 1980 1602 sumptaque
2012 1523 2350 1594 eductione

302 1594 620 1679 paulatim
652 1599 933 1667 dissolvit
955 1603 1439 1674 fundamentum
1455 1660 1472 1684 ,
1500 1624 1687 1699 atque
1722 1616 1965 1685 irruens
1989 1624 2263 1718 effringit
2288 1645 2352 1700 et

304 1699 586 1788 extirpat
615 1712 836 1773 omnes
877 1712 1158 1798 plantas»,
1192 1726 1257 1777 et
1296 1716 1653 1783 universam
1687 1723 2002 1792 culturam
2039 1731 2238 1812 dolet,
2287 1752 2353 1828 et

304 1807 589 1875 sterilem
620 1815 831 1880 reddit
863 1839 879 1880 t
915 1818 1003 1883 sic
1048 1842 1300 1907 quoquo
1335 1845 1399 1886 se
1434 1822 1630 1889 habet
1660 1850 1772 1890 cor
1802 1829 2110 1913 hominis,
2146 1844 2351 1927 possi-

303 1912 418 1976 det
448 1915 862 2006 cogitationes
893 1921 1230 2000 honestas:
1273 1928 1784 2017 appropinquant
1813 1957 1959 2000 vero
1997 1942 2174 2008 cordi
2206 1969 2348 2035 per-

301 2028 503 2104 petuo
536 2035 601 2087 et
628 2023 808 2090 fluvii
839 2028 1135 2094 vitiorum
1157 2081 1175 2106 ‚
1218 2032 1500 2098 volentes
1532 2033 1688 2100 illud
1722 2039 2029 2127 dejicere,
2074 2061 2260 2137 atquo
2284 2054 2349 2146 in

304 2127 490 2189 ‘suam
524 2141 769 2215 partem
800 2136 1190 2219 protrahere.
1229 2136 1448 2226 Itaque
1482 2138 1531 2203 si
1567 2141 1813 2206 animus
1839 2151 2167 2234 paululum
2195 2158 2350 2244 levis

303 2223 515 2292 factus
535 2279 552 2304 ,
583 2231 879 2298 illabatur
901 2237 968 2300 in
1003 2239 1283 2324 impuras
1309 2242 1752 2328 cogitationes,
1791 2271 1942 2313 ecce
1967 2275 2355 2344 acceperunt
2455 2335 2466 2338 V

307 2330 621 2414 pabutum
653 2335 909 2421 spiritus
943 2340 1173 2403 erroris
1206 2388 1223 2412 ,
1268 2354 1333 2404 et
1366 2344 1630 2428 ingressi
1660 2361 2024 2419 everterunt
2051 2356 2216 2424 injus
2246 2385 2356 2427 or-

310 2421 612 2521 namenta
629 2486 647 2515 ,
678 2437 1094 2528 extinctisque
1118 2441 1304 2508 bonis
1330 2445 1819 2547 cogitationibus
1843 2454 2118 2563 animam
2144 2463 2354 2531 devas-

313 2547 553 2608 tarunt.

406 2642 542 2714 vll.
590 2648 1151 2729 Quemadmodum
1182 2676 1332 2719 vero
1354 2654 1577 2759 o⁴culus
1608 2644 1892 2726 omnium
1917 2662 2353 2763 membrorum

317 2763 417 2817 est
447 2755 787 2841 minimus,
827 2769 893 2823 et
923 2758 1059 2853 ipsa
1088 2761 1367 2866 Pupilla,
1404 2784 1544 2855 quae
1578 2775 1673 2828 est
1702 2767 1957 2871 exigua,
1993 2788 2089 2847 est
2119 2800 2221 2849 vas
2260 2781 2355 2849 in-

317 2868 492 2944 gens.
527 2860 818 2927 Intuetur
838 2862 1008 2928 enim
1031 2874 1162 2947 uno
1193 2864 1560 2961 momento,
1596 2870 1829 2937 eoelum
1847 2924 1864 2950 ,
1888 2888 2088 2969 astra?
2118 2884 2351 2975 solem,

316 2950 536 3059 lunam
558 3015 577 3043 ‚
619 2967 843 3053 nrbes»,
876 2981 941 3035 et
980 2971 1129 3036 alias
1161 2982 1483 3039 creaturas
1522 2997 1538 3037 ε
1582 2977 1806 3043 eodem
1838 3000 2090 3087 quoqne
2119 2991 2352 3089 m9d03

318 3062 460 3158 quae
492 3073 998 3181 conspicuuntur
1025 3099 1156 3155 uno
1187 3074 1543 3166 eodemque
1566 3097 1891 3151 momento
1908 3138 1925 3164 ,
1952 3087 2016 3153 in
2040 3091 2142 3158 illa
2162 3088 2356 3193 Parva

328 3168 344 3183 l

317 3178 559 3346 ξυρίἰὶει
585 3180 755 3247 oculi
780 3166 1134 3268 formantur
1156 3196 1220 3249 et
1238 3166 1630 3285 effinguntur
1656 3211 1672 3253 :
1700 3190 1790 3273 sic
1814 3216 2070 3363 guoque
2092 3223 2158 3265 se
2181 3226 2361 3285 mens

1807 3251 1814 3258 ι

369 3280 514 3349 abet
542 3285 609 3371 in
633 3278 825 3369 coi-de
859 3298 877 3354 ὲ
915 3286 1122 3377 ipsum
1171 3314 1249 3355 ue
1282 3314 1393 3356 cor
1425 3303 1524 3363 est
1549 3316 1654 3358 vas
1684 3319 1809 3387 qno
1859 3298 2005 3383 dam
2033 3300 2355 3401 exiguum,

320 3382 535 3477 ibique
568 3404 713 3475 sunt
744 3395 1087 3471 dracones,
1116 3314 1201 3459 ibi
1232 3396 1448 3463 leones
1471 3446 1488 3471 ,
1520 3396 1605 3461 ibi
1633 3422 1960 3477 venenosae
1983 3402 2238 3485 bestiae,
2272 3411 2361 3480 ibi

322 3494 540 3560 Cuncti
572 3494 869 3563 vitiorum
903 3488 1184 3561 tbosa‘uri
1222 3519 1236 3558 z
1273 3497 1363 3561 ibi
1401 3521 1653 3584 quoque
1687 3527 1920 3593 asperae
1945 3518 2007 3571 et
2032 3510 2367 3583 salebrosae

320 3594 437 3662 viae
469 3648 487 3673 ,
537 3600 622 3665 ibi
659 3600 1004 3692 praecipitia
1041 3621 1057 3663 t
1099 3596 1319 3663 itidem
1351 3620 1386 3661 e
1420 3597 1700 3695 diverso?
1747 3606 1835 3669 ibi
1883 3621 1977 3673 est
2016 3609 2226 3690 DouS,
2271 3620 2363 3688 ibi

323 3722 581 3799 quoque
606 3702 828 3790 Angeli
851 3753 869 3778 ,
903 3705 990 3768 ibi
1018 3704 1142 3768 vita
1174 3714 1241 3789 et
1263 3723 1563 3801 regnum,
1603 3703 1691 3768 ibi
1721 3704 1940 3795 lumen
1963 3725 2028 3777 et
2050 3712 2361 3819 Apostoli?

327 3802 416 3872 ibi
453 3805 728 3869 thesauri
759 3807 971 3893 gratiae
1002 3829 1017 3869 ε
1053 3806 1142 3870 ibi
1172 3817 1319 3879 sunt
1342 3807 1571 3872 omnia.
1607 3804 2165 3899 'Quemadmodum
2190 3822 2361 3896 enini

326 3924 424 3978 est
456 3909 688 3977 nebula
719 3933 909 4000 super
933 3912 1292 3977 universam
1323 3924 1562 3979 terram
1594 3914 1852 3983 extensa
1874 3969 1893 3996 ,
1930 3935 1992 3988 et
2025 3924 2218 3993 homo
2247 3906 2361 3998 ho*-

325 4016 567 4085 minem
606 4038 738 4085 non
773 4017 974 4098 viden
1022 4018 1112 4086 sic
1143 4025 1397 4110 quoque
1432 4032 1580 4089 sunt
1610 4023 1891 4093 tenebrae
1927 4031 2139 4101 saeculi
2170 4022 2370 4127 hujus?
