2982 4885
1095 557 1347 602 nonnus
1394 558 1527 601 xm.
2192 533 2318 603 281'

381 673 486 738 lv.
542 672 815 751 Quidam
848 695 996 737 vero
1029 672 1124 737 vir
1150 674 1466 760 prudens,
1505 692 1652 734 cum
1684 671 2065 736 desideraret
2098 694 2316 738 curam

293 800 508 865 gerere
542 778 635 842 sui
659 777 874 854 studii,
908 778 1236 844 contendit
1263 775 1534 864 experiri
1555 775 1791 850 omnia,
1820 799 1956 861 quae
1980 778 2320 841 volvuntur

293 880 357 944 in
389 881 513 946 hoc
544 884 783 946 mundo
803 931 820 955 ,
870 881 922 946 si
953 881 1115 946 forte
1148 879 1561 945 emolumenti
1595 879 1748 966 quid
1787 879 2065 944 invenire
2098 882 2313 968 possit.

291 985 572 1050 Accessit
602 988 680 1052 ad
703 1009 881 1074 reges
902 1034 919 1061 ,
948 998 1236 1073 potentes
1262 998 1325 1050 et
1362 986 1681 1073 principes
1702 1033 1718 1058 ,
1755 1005 1875 1047 nec
1909 984 2145 1048 invenit
2183 1009 2324 1051 me-

293 1089 493 1154 delam
529 1093 865 1154 salutarem
891 1141 906 1165 ,
944 1113 1132 1177 qnam
1178 1091 1323 1154 inde
1362 1090 1586 1154 animae
1621 1087 1875 1152 afferret
1904 1110 1919 1150 ε
1956 1099 2021 1151 et
2052 1109 2197 1151 cum
2228 1088 2325 1153 his

293 1195 400 1258 din
436 1208 869 1271 conversatum,
916 1196 1075 1260 nihil
1113 1195 1526 1260 emolumenti
1570 1192 1870 1281 percepit.
1912 1190 2085 1258 Abiit
2116 1193 2325 1257 denuo

293 1300 373 1362 ad
390 1301 700 1387 sapientes
727 1301 950 1364 mundi
982 1313 1046 1364 et
1072 1312 1380 1372 oratores.
1410 1321 1570 1387 quos
1601 1300 1824 1362 eodem
1852 1320 2103 1384 quoque
2131 1298 2323 1363 modo

293 1403 568 1488 reliquit,
598 1406 849 1468 nullum
880 1407 1133 1468 lucrum
1168 1404 1446 1468 reserens
1477 1426 1493 1468 ε
1532 1401 1777 1468 transiit
1810 1425 1919 1488 per
1945 1403 2243 1489 pictores,
2270 1415 2336 1467 et

295 1527 438 1577 eOS,
476 1507 584 1590 qui
624 1529 849 1569 aurum
890 1519 954 1569 et
993 1520 1325 1593 argentum
1363 1530 1399 1570 e
1434 1519 1596 1570 terra
1630 1505 1951 1580 referunt,
1990 1519 2176 1592 atque
2215 1527 2331 1593 per

297 1630 517 1671 omnes
542 1607 836 1682 artifices,
874 1632 992 1673 nec
1024 1612 1217 1674 ullam
1243 1611 1635 1675 curationem
1668 1611 1871 1699 potuit
1897 1610 2024 1674 suis
2047 1610 2332 1675 invenire

292 1715 679 1779 vulneribus.
712 1716 996 1780 Tandem
1016 1718 1319 1780 recedens
1339 1717 1417 1781 ab
1435 1716 1558 1790 his,
1588 1716 1946 1802 inquirebat
1961 1715 2077 1780 sibi
2096 1716 2328 1790 Deum,

295 1817 403 1904 qui
432 1830 607 1882 sanat
632 1817 995 1884 affectiones
1022 1831 1086 1883 et
1114 1820 1371 1883 morbos
1400 1820 1660 1893 animae3
1691 1840 1836 1882 cum
1861 1840 2008 1882 vero
2033 1840 2099 1881 se
2122 1818 2330 1905 ipsum

294 1924 752 1999 consideraret,
804 1937 869 1989 et
915 1925 1049 1989 haec
1093 1925 1510 1990 meditaretur
1539 1976 1554 2000 ,
1605 1923 1996 2012 deprehensa
2026 1933 2121 1986 cst
2150 1944 2330 1986 mens

293 2025 463 2111 ejus,
510 2051 542 2091 a
581 2028 809 2114 quibus
855 2030 1045 2094 rebus
1090 2043 1268 2095 autea
1319 2041 1633 2118 occupata
1686 2031 1894 2117 palam
1938 2039 2326 2101 recesserat,

294 2134 545 2197 easdem
579 2135 806 2199 odisse.
1458 2143 1465 2154 ’
1741 2153 1744 2156 ’

379 2235 454 2299 V.
510 2238 1065 2313 Quemadmodum
1095 2261 1246 2301 vero
1277 2240 1506 2303 mulier
1537 2241 1824 2323 quaedam
1860 2237 1924 2300 in
1966 2238 2210 2299 mundo
2234 2238 2332 2299 lo-

299 2340 514 2424 cuples
540 2387 555 2411 ,
591 2342 691 2401 vel
725 2342 961 2426 amplas
995 2340 1245 2404 divitias
1279 2362 1349 2404 ac
1390 2342 1652 2404 domum
1689 2339 2088 2426 magnificam
2135 2339 2338 2424 possi·

300 2442 478 2514 denS,
509 2434 870 2505 destituitur
895 2441 1123 2505 auxilio
1148 2454 1213 2505 et
1241 2442 1629 2527 patrocini03
1657 2453 1721 2504 et
1746 2441 1854 2527 qui
1879 2441 1941 2504 in
1966 2463 2105 2503 eam
2137 2440 2338 2503 insur-

302 2557 458 2631 gunt
482 2557 550 2608 ut
581 2567 719 2609 eam
746 2547 999 2618 laedant,
1029 2559 1093 2608 et
1114 2544 1376 2609 aedilicia
1405 2547 1753 2617 devastent,
1784 2567 1910 2607 non
1935 2555 2083 2608 sunt
2114 2543 2332 2631 pauci;

303 2648 405 2711 illa
441 2670 565 2711 non
598 2648 803 2713 ferens
827 2649 1121 2734 injuriam
1146 2651 1540 2725 obambulat,
1570 2668 1856 2737 quaerens
1885 2649 2090 2712 virum
2124 2660 2340 2737 poten-

304 2763 458 2824 tem,
487 2750 810 2827 idoneum,
832 2765 895 2817 et
920 2753 982 2816 iu
1009 2755 1302 2818 omnibus
1326 2754 1645 2819 eruditum
1668 2781 1686 2829 3
1714 2766 1776 2818 et
1800 2753 1910 2820 ubi
1935 2765 2077 2842 post
2103 2747 2336 2818 multos

304 2856 550 2921 labores
599 2860 943 2922 exantlatos
984 2872 1166 2923 nacta
1213 2859 1400 2924 fuerit
1445 2858 1757 2947 ejusmodi
1799 2858 2043 2932 virum,
2102 2859 2339 2923 exultat

302 2972 560 3047 propter
581 2983 756 3034 eum,
782 2974 845 3024 et
870 2961 1060 3026 habet
1085 2986 1230 3027 eum
1253 2988 1368 3051 pro
1392 2987 1578 3029 muro
1605 2963 1810 3028 valido
1841 2985 1856 3026 t
1893 2963 2119 3028 eodem
2147 2963 2338 3026 modo

303 3066 505 3129 anima
534 3077 674 3153 post
700 3068 1257 3154 transgressionem
1287 3069 1695 3133 vehementer
1728 3069 1805 3133 ab
1834 3068 2183 3133 adversaria
2217 3090 2339 3155 po-

304 3180 526 3233 testate
560 3170 812 3244 asslicta,
842 3183 903 3235 et
928 3174 991 3235 in
1024 3195 1317 3259 magnam
1344 3174 1752 3238 solitudinem
1784 3174 2024 3263 illapsa,
2061 3186 2126 3239 et
2152 3174 2340 3238 vidua

303 3286 365 3339 et
398 3276 645 3341 deserta
688 3298 720 3340 a
755 3279 992 3342 coelesti
1018 3279 1264 3365 Sponso
1297 3293 1559 3369 propter
1599 3277 2156 3365 transgressionem
2185 3297 2341 3363 pec-

304 3379 427 3443 cati
452 3381 776 3456 derelicta,
806 3405 878 3447 ac
904 3384 1180 3447 ludibrio
1206 3385 1504 3448 omnibus
1536 3382 1905 3448 adversariis
1926 3379 2342 3467 potestatibus

305 3486 579 3571 exposita
609 3512 627 3561 3
667 3488 1074 3569 (everterunt
1105 3487 1275 3548 enim
1311 3488 1478 3548 illam
1514 3512 1544 3549 a
1580 3511 1690 3549 sua
1721 3499 1934 3550 mente
1958 3533 1974 3557 ,
2012 3494 2197 3568 atque
2228 3488 2341 3549 de-

306 3589 645 3653 turbarunt
679 3593 755 3653 ab
789 3592 1114 3654 intellectu
1142 3587 1407 3660 coelesti,
1438 3610 1516 3649 ne
1543 3590 1911 3675 conspiciat,
1948 3610 2088 3673 quae
2120 3589 2198 3651 ab
2223 3590 2342 3652 illis

307 3691 373 3755 in
412 3712 551 3754 eam
585 3695 1095 3768 committuntur,
1132 3694 1241 3756 sed
1274 3704 1453 3780 putet
1484 3691 1572 3755 sic
1602 3693 1678 3756 ab
1709 3691 1887 3754 initio
1910 3690 2282 3779 contigisse3
2310 3694 2334 3779 )

307 3796 718 3886 postmodum
749 3797 858 3860 ubi
882 3819 960 3861 ex
997 3798 1214 3862 auditu
1247 3796 1530 3886 percepit
1566 3794 1972 3862 solitudinem
2004 3817 2207 3870 suam,
2237 3796 2340 3861 de·-

296 3902 553 3989 'plorata
605 3900 989 3966 desolatione
1039 3924 1165 3967 suar
1189 3902 1252 3966 in
1303 3914 1646 3991 conspectu
1697 3899 2132 3966 humanissimi
2173 3901 2288 3965 Dei
2319 3946 2338 3976 ,

311 4007 550 4074 invenit
581 4006 771 4076 vitam
805 4020 869 4075 et
890 4011 1175 4079 salutem.
1215 4008 1664 4099 Quapropter?
1693 4008 1839 4096 quia
1866 4031 2111 4077 reversa
2143 4011 2343 4076 est‘ad
