2982 4885
915 544 1103 589 uua
1147 546 1227 589 nn
1273 543 1641 591 uuasmus.
2152 527 2298 620 ⁵73

259 682 507 737 rarum,
554 681 670 726 rex
714 671 901 747 atque
943 662 1253 750 propheta
1293 661 1499 735 David
1527 659 1795 727 emissus
1827 683 1863 726 a
1890 661 2198 749 Domino,
2231 680 2307 735 ut

261 769 436 854 quod
464 777 609 837 ante
639 764 976 831 dicebatur
998 812 1016 837 ‚
1064 787 1468 853 praesensque
1509 765 1869 842 videbatur,
1901 765 2037 834 haec
2076 770 2307 839 cuncta

263 873 442 938 brevi
480 872 748 937 collecta
789 868 1072 947 humano
1116 869 1330 958 generi
1374 868 1875 957 praedicarentur
1921 873 2000 937 ab
2041 874 2305 954 eodem,

187 976 191 982 ’
266 978 593 1063 tribusque
617 974 681 1040 in
707 972 990 1040 versibus
1010 973 1241 1043 Psalmi
1271 974 1460 1061 primi
1484 996 1741 1041 omnem
1770 997 1988 1041 rerum
2010 976 2309 1047 virtutem

145 1137 169 1161 0
264 1094 607 1171 exponeret
639 1078 938 1152 veritatis,
966 1078 1457 1166 praeteritorum,
1501 1077 1899 1156 instantium,
1926 1092 2116 1168 atque
2144 1084 2312 1150 sutu-

265 1210 521 1262 rorum,
574 1206 924 1272 omnesque
972 1200 1221 1248 errores
1271 1182 1585 1268 cujusque
1628 1185 1847 1273 populi
1867 1233 1887 1260 ‚
1939 1186 2311 1276 diversaque

267 1294 544 1359 facinora
581 1291 936 1357 nuntiando
975 1310 1135 1377 cum·
1156 1284 1358 1351 dicit:
1410 1313 1435 1346 ι
1460 1286 1696 1352 Beatus
1732 1288 1829 1352 vir
1856 1290 2122 1377 quinon
2157 1292 2312 1360 abiit

267 1424 293 1457 ι
313 1398 376 1461 iu
406 1396 676 1462 consilio
701 1393 1079 1482 impiorum,
1120 1391 1188 1456 id
1218 1402 1314 1455 est
1335 1438 1354 1465 ‚
1389 1412 1776 1479 paganorum
1805 1414 1821 1456 ε
1849 1404 1914 1457 et
1944 1392 2009 1458 in
2040 1394 2138 1461 via
2160 1417 2315 1485 pec-

270 1516 605 1568 »catorum
656 1520 786 1563 non
823 1496 1030 1569 stetit,
1070 1494 1305 1584 quippe
1347 1493 1721 1560 Judaeorum
1756 1517 1773 1558 ε
1813 1507 1879 1560 et
1906 1496 1974 1561 iu
2011 1497 2314 1566 cathedra

270 1635 295 1667 ι
316 1602 686 1695 pestilentiae
716 1623 845 1666 non
872 1599 1034 1667 sedit
1051 1598 1104 1676 ¹,
1137 1628 1163 1661 ι
1184 1600 1402 1687 utique
1431 1599 1897 1664 haereticorum.
1924 1597 2134 1687 Atque
2163 1600 2318 1668 hinc

271 1713 401 1798 jam
449 1709 627 1797 quasi
664 1730 743 1772 ex
771 1705 1054 1772 sontibus
1092 1717 1281 1792 atque
1313 1703 1592 1769 materiis
1632 1702 1901 1792 copiosis
1938 1705 2180 1770 diversa
2215 1727 2318 1771 se-

274 1816 448 1880 mina
503 1812 851 1902 iniquitatis
881 1811 1164 1877 humano
1202 1809 1419 1898 generi
1460 1794 1735 1880 ‚affutura
1781 1811 2061 1885 doceret,
2111 1824 2182 1877 ut
2220 1810 2320 1878 his

275 1918 512 2007 quippe
535 1916 740 1982 tribus
768 1915 949 1981 malis
977 1914 1357 2003 paganitate,
1389 1913 1731 1999 judaismo,
1764 1925 1830 1980 et
1859 1914 2033 1979 omni
2065 1913 2320 1981 haersesi

276 2020 684 2112 contemptis,
725 2032 916 2110 atque
946 2018 1283 2093 damnatis,
1316 2018 1446 2085 sola
1472 2015 1632 2083 (ides
1653 2039 1825 2091 vera,
1852 2015 1918 2083 id
1938 2030 2056 2092 est.
2089 2018 2316 2096 Patris,

276 2140 340 2193 et
374 2127 552 2201 Filii,
590 2138 656 2191 et
694 2125 897 2190 sancti
941 2123 1210 2212 Spiritus
1245 2124 1325 2188 ab
1359 2122 1658 2186 omuibus
1692 2120 1929 2187 credita
1974 2124 2313 2190 coloretur.

279 2232 432 2300 Zelo
451 2231 623 2295 enim
652 2229 865 2291 divino
882 2230 1115 2291 ductus
1140 2228 1364 2290 beatus
1393 2225 1621 2298 David,
1640 2236 1792 2289 tunc
1825 2228 2151 2313 temporis,
2174 2250 2327 2296 cum

281 2337 525 2401 videret
561 2331 852 2398 homines
881 2327 1204 2393 daemoniis
1240 2327 1595 2400 immolare,
1632 2329 1850 2392 nonin
1878 2329 2324 2403 De03Jerusa-

283 2446 409 2509 lem
444 2438 697 2506 civitate
733 2446 1008 2524 quatuor
1038 2430 1268 2498 choros
1296 2432 1511 2518 posuit
1546 2431 1901 2498 secundum
1931 2432 2158 2499 mundi
2187 2434 2325 2501 adi-

286 2562 412 2622 tus,
450 2569 567 2611 ana
599 2538 994 2629 septuaginta
1029 2538 1183 2611 duo,
1207 2546 1481 2632 quatuor
1507 2535 1698 2604 etiam
1717 2534 2083 2602 hominibus
2106 2538 2325 2626 positis

284 2671 351 2721 et
375 2647 819 2742 psallentibus,
852 2655 1042 2731 atque
1073 2663 1286 2706 arcam
1317 2640 1433 2706 Dei
1466 2638 2004 2716 custodientibus,
2044 2642 2328 2730 undique

285 2755 548 2825 infinitis
582 2753 771 2820 etiam
814 2749 947 2816 aliis
989 2747 1422 2814 extrinsecus„
1472 2746 1546 2811 ln
1598 2746 1812 2812 medio
1847 2758 2058 2812 autem
2104 2771 2177 2812 ea
2210 2770 2328 2837 po-

288 2864 405 2930 sita
430 2859 741 2952 psallebat
772 2878 921 2922 cum
971 2854 1205 2942 populo
1236 2851 1633 2917 beatissimus
1665 2851 1796 2938 ipse
1823 2852 2024 2934 David
2059 2854 2329 2944 patriar-

290 2969 445 3043 cha,
484 2978 552 3031 et
582 2959 1105 3050 incorporationis
1151 2954 1385 3022 Christi
1419 2955 1714 3030 Domini,
1761 2955 1995 3046 quippe
2036 2969 2107 3021 ut
2153 2956 2328 3026 tostis

293 3086 502 3140 tantus
514 3094 587 3137 ac
605 3067 1085 3158 praedestinatus
1111 3085 1143 3127 a
1165 3062 1464 3136 Domino,
1481 3061 1875 3125 Psalmorum
1900 3059 2140 3125 divorsa
2174 3085 2331 3151 gau-

295 3180 395 3245 dia
427 3190 492 3242 et
506 3179 725 3241 laudes
748 3173 1008 3262 pariter,
1030 3192 1175 3254 vnou
1210 3168 1314 3233 alii
1345 3166 1465 3232 nisi
1498 3165 1614 3254 ipsi
1637 3165 1888 3230 Christo
1918 3166 2190 3230 Domino
2223 3189 2332 3232 ca-

298 3282 508 3346 nendo
539 3277 847 3340 referebat
860 3302 880 3351 ;
930 3275 1218 3364 trinaque
1265 3271 1402 3338 vice
1440 3268 1720 3359 quotidie
1760 3290 1907 3333 cum
1939 3268 2332 3342 orationibus

297 3387 693 3453 psalmorum
724 3378 914 3443 etiam
946 3390 1206 3442 cantore
1237 3388 1499 3442 sonante
1521 3373 1694 3441 omni
1718 3373 2153 3438 delectabatur
2181 3394 2332 3441 cum

302 3489 537 3580 populo
581 3484 859 3552 divinam
901 3477 1134 3543 Christi
1163 3478 1560 3564 praesentiam
1598 3477 2218 3563 nuntiando.·‹leque
2256 3499 2333 3544 ea

303 3621 370 3661 re
401 3597 610 3660 sutura
643 3587 867 3677 gaudia
903 3584 1136 3648 saeculo
1168 3581 1595 3669 promittendo
1617 3630 1634 3655 ,
1672 3582 1752 3646 de
1780 3604 1908 3669 quo
1930 3593 1994 3648 et
2026 3581 2334 3658 Dominus

306 3702 598 3787 dignatus
626 3704 724 3757 est
758 3690 970 3756 dicero
1002 3688 1233 3751 multos
1270 3684 1459 3752 fuisse
1487 3683 1831 3772 Prophetas
1871 3698 1937 3751 et
1988 3686 2331 3775 sapientes,

231 3849 236 3852 Δ
305 3815 372 3870 et
401 3800 787 3868 desiderasse
807 3795 1022 3860 videre
1051 3805 1117 3858 et
1139 3791 1355 3858 audire
1375 3813 1517 3879 quae
1540 3789 1822 3880 Apostoli
1845 3790 2062 3856 audire
2092 3814 2338 3859 merue-

306 3918 459 3978 runt
489 3917 554 3972 et
585 3902 824 3971 videre.
861 3900 1023 3971 Nam
1050 3895 1225 3988 quod
1259 3908 1326 3964 et
1358 3893 1776 3967 Graecorum
1757 3913 1891 3984 ipsa
1921 3915 2062 3984 quae
2088 3864 2342 3968 videtur

379 4043 549 4100 mni.
575 4058 613 4104 ι.
643 4057 687 4094 ι.
