2982 4885
666 507 794 589 314
1256 559 1261 565 .
1341 497 1393 567 s.
1445 523 1710 576 mcum
1756 522 2022 574 mayr-ru

667 661 832 715 tatus
862 657 992 719 est,
1029 644 1095 710 iu
1126 643 1379 708 dextera
1404 641 1606 714 Patris
1630 644 1869 708 sedens.
1924 639 2006 705 At
2036 661 2292 726 serpens
2325 664 2359 705 a
2392 644 2700 736 principio

666 751 890 819 insevit
918 749 1164 816 Adamo
1196 747 1591 813 exaltationis
1626 769 1904 811 amorem
1936 767 2275 832 suggerens
2306 770 2322 810 ε
2368 776 2394 808 ι
2417 750 2604 816 Eritis
2627 755 2701 818 si-

664 868 822 923 »cut
872 854 998 921 dii¹
1026 902 1044 930 ,
1073 881 1098 914 2
1138 877 1253 942 per
1301 852 1483 946 istam
1534 865 1747 922 autem
1794 851 2191 936 affectionem
2254 853 2698 934 sublimitatiS,

642 967 839 1034 avides
894 963 957 1030 in
1008 985 1198 1049 quam
1244 959 1657 1048 ignominiam
1701 959 2028 1032 descendit
2072 981 2269 1048 genus
2314 959 2696 1030 humanum.

668 1070 835 1136 Sane
865 1092 1079 1156 quaero
1109 1067 1435 1134 hominem
1470 1089 1818 1154 pauperem
1850 1064 2099 1154 spiritu,
2143 1088 2261 1130 nee
2308 1066 2574 1134 invenio.
2620 1070 2708 1135 Ut

671 1177 873 1264 siquis
899 1175 1137 1242 habens
1163 1173 1526 1238 reconditos
1553 1170 1724 1237 domi
1744 1171 2097 1245 thesauros,
2118 1180 2330 1236 tamen
2356 1173 2708 1244 circumeat

667 1279 1036 1350 mendicans
1067 1289 1132 1343 et
1164 1278 1242 1343 ab
1267 1278 1564 1372 omnihus
1596 1291 1816 1366 petens
1846 1301 1861 1341 :
1899 1277 1989 1342 sic
2022 1289 2169 1342 sunt
2200 1276 2532 1343 Christiani
2552 1301 2699 1366 gra·

668 1386 771 1456 tiae
798 1384 1190 1474 possessione
1223 1386 1392 1474 apud
1413 1385 1619 1450 Deum
1641 1383 1892 1458 divites,
1918 1381 2143 1449 humili
2172 1382 2271 1448 sui
2292 1382 2711 1448 aestimatione

672 1513 1007 1580 pauperes,
1042 1500 1106 1553 et
1128 1489 1305 1577 quasi
1328 1487 1487 1568 nihil
1518 1488 1844 1562 habentes.
1886 1487 2216 1554 Debentur
2238 1488 2426 1552 alicui
2450 1500 2713 1554 centum

670 1597 814 1663 auri
836 1597 1052 1676 librae,
1081 1595 1133 1670 si
1163 1596 1267 1664 ille
1287 1596 1565 1681 quinque
1596 1593 1874 1682 acceptis
1899 1593 1979 1658 sit
2008 1604 2369 1667 contentus,
2395 1615 2515 1658 nec
2544 1593 2711 1657 ultra

674 1703 1019 1791 quidquam
1052 1711 1327 1786 quaerat,·
1384 1721 1462 1784 an
1513 1685 1653 1782 aget
1705 1695 2063 1781 sapienter?
2111 1695 2298 1780 Pejus
2346 1697 2540 1762 etiam
2593 1696 2710 1760 sibi

674 1806 1014 1882 consulunt
1042 1801 1325 1886 quidam,
1367 1800 1697 1872 habentes,
1733 1809 1803 1861 ut
1840 1798 1929 1862 sic
1961 1798 2194 1871 dicam,
2231 1799 2460 1865 decem
2493 1802 2710 1867 uncias

670 1906 922 1996 gratiae3
972 1915 1037 1967 et
1063 1924 1168 1965 eas
1213 1924 1372 1976 vano
1416 1913 1669 1984 tumore
1703 1898 2088 1988 gloriationis
2122 1898 2292 1968 salsae
2333 1901 2399 1966 in
2449 1919 2711 1970 centnm

669 2005 1160 2094 multiplicantes
1210 2027 1227 2068 :
1288 2027 1325 2069 e
1375 2004 1694 2072 contrario
1753 2027 1903 2069 vero
1969 2006 2345 2092 plerumque
2421 2010 2712 2080 nonnulli

668 2112 975 2193 hahentes
1005 2109 1286 2198 quinque
1310 2110 1531 2190 uncias
1563 2109 1833 2198 pcccati,
1861 2132 1967 2176 eas
2002 2110 2065 2175 in
2093 2109 2510 2186 semiunciam
2536 2125 2712 2180 exte—

592 2269 605 2276 -
673 2228 891 2284 nuant.
952 2217 1024 2294 Id
1048 2216 1194 2304 ipsis
1231 2216 1461 2295 accidit
1481 2219 1584 2281 vel
1605 2239 1720 2304 per
1744 2215 2186 2304 ignorantiam,
2216 2218 2392 2304 quod
2411 2221 2712 2305 quantula

675 2322 800 2387 sint
825 2321 1129 2410 impertiti
1152 2344 1450 2404 mensura
1480 2322 1693 2410 gratiae
1724 2345 1804 2390 ex
1831 2344 1982 2387 vero
2014 2345 2143 2387 non
2177 2335 2439 2398 norunt,
2472 2326 2568 2392 vel
2595 2348 2711 2412 per

676 2452 851 2497 vauae
880 2430 1094 2518 gloriae
1121 2415 1497 2519 appetitum,
1524 2451 1653 2494 non
1681 2429 2060 2501 sustinentes
2091 2428 2295 2504 fateri,
2332 2453 2518 2518 quam
2546 2431 2612 2497 in
2639 2455 2709 2496 se

674 2538 1119 2629 experiuntur,
1157 2536 1589 2622 operationem
1618 2534 1786 2611 mali.
1843 2534 1986 2599 Jam
2033 2534 2201 2607 enim
2252 2536 2593 2623 praedicant
2638 2559 2711 2601 se

674 2642 1010 2732 perfectos,
1057 2640 1325 2726 Oportet
1358 2652 1569 2719 autem
1597 2654 1668 2715 et
1704 2637 1840 2705 fieri
1876 2653 1941 2706 et
1982 2640 2108 2705 dici
2143 2640 2220 2707 ab
2251 2640 2510 2708 homine
2537 2644 2714 2729 quod

676 2746 917 2835 justum
951 2756 1045 2808 est
1063 2767 1082 2817 ς
1117 2756 1182 2807 et
1212 2744 1425 2831 gratiae
1458 2767 1648 2831 quam
1675 2745 1928 2833 accipit,
1958 2748 2121 2811 dona
2147 2745 2462 2834 profiteri;
2495 2759 2558 2813 et
2579 2768 2711 2811 non

673 2849 1091 2921 dissimulare,
1154 2869 1345 2933 quam
1388 2849 1578 2919 sentit
1630 2850 1692 2914 in
1749 2872 1884 2915 sese
1924 2851 2191 2939 peccati,
2248 2853 2702 2938 operationem.

674 2953 976 3029 Mentitur
1007 2950 1239 3040 quippe
1286 2953 1425 3018 talis
1469 2977 1703 3042 purum
1750 2955 1921 3020 aiens
1952 2979 2019 3021 se
2069 2955 2297 3021 habere
2337 2977 2480 3027 cor3
2529 2955 2719 3021 haud

648 3056 843 3129 ,enim
877 3054 939 3131 in
965 3054 1137 3129 hunc
1162 3060 1426 3133 modum
1451 3082 1518 3124 se
1550 3083 1648 3125 res
1671 3059 1948 3137 habent3
1983 3058 2157 3148 quasi
2180 3059 2259 3125 ad
2275 3057 2551 3151 primam
2576 3065 2725 3123 sta-‘

672 3160 789 3226 tim
824 3160 1262 3226 advenientem
1287 3163 1550 3249 gratiam
1588 3186 1785 3250 purus
1816 3166 1991 3231 omni
2026 3190 2103 3232 ex
2129 3178 2308 3254 parte
2333 3164 2528 3231 homo
2561 3163 2715 3229 red-

675 3267 867 3345 ditur.
913 3266 1214 3345 Traditur
1234 3266 1476 3353 'quippe
1510 3267 1833 3348 hostibuS,
1885 3283 1950 3336 et
1993 3270 2224 3345 horum
2257 3269 2714 3337 tentationibus

672 3374 1012 3460 exponitur
1055 3373 1133 3438 ad
1189 3372 1707 3441 exercitationem
1757 3389 1822 3442 et
1886 3376 2281 3464 disciplinam
2304 3426 2324 3453 ,
2389 3374 2713 3461 quomodo

672 3477 797 3542 Job
832 3478 1176 3543 tentatione
1201 3477 1506 3564 probatus
1536 3492 1649 3557 nst.
1684 3481 2080 3571 Cooperatur
2109 3481 2344 3568 quippe
2373 3492 2436 3543 et
2465 3479 2716 3553 malum

674 3580 882 3656 bono,
925 3580 1275 3648 intentione
1328 3607 1457 3651 non
1504 3568 1688 3655 bonff.
1746 3587 2178 3653 Christianum
2223 3607 2367 3652 vero
2411 3583 2720 3651 convenit

673 3686 954 3773 quinque
984 3685 1202 3755 uncias
1247 3691 1493 3778 peccati
1523 3692 1896 3770 habentem,
1934 3693 2149 3759 dicere
2180 3689 2574 3763 humiliando
2604 3710 2712 3757 se:

673 3788 910 3877 Viginti
941 3793 1159 3861 uncias
1188 3794 1420 3873 habeo,
1466 3810 1534 3864 et
1555 3798 1946 3886 plenussum
1975 3797 2341 3886 iniquitate:
2371 3796 2717 3863 habentem

670 3907 922 3975 num,
971 3901 1241 3991 exempli
1287 3923 1474 3983 causa
1496 3947 1515 3979 ,
1550 3899 1768 3984 uncias
1797 3902 2016 3994 viginti
2058 3901 2402 3991 honitatis.
2459 3900 2710 3973 dicens:

734 4038 758 4088 .·
791 4029 918 4087 Gen·
940 4042 1020 4094 ω.
1040 4031 1095 4089 6.
