2982 4885
734 488 864 554 316
1404 505 1455 549 s.
1509 503 1774 551 mcum
1815 502 2082 549 actrru

726 622 990 692 bitrium
1028 634 1094 689 et
1145 621 1507 689 libertatem
1558 620 1839 687 innatam
1898 632 2139 687 natnrae
2156 643 2175 696 ς
2232 621 2448 709 itaque
2500 625 2554 690 si
2603 626 2764 691 mala

727 728 947 795 fecerit
972 727 1165 793 homo
1192 750 1532 816 persuasus
1556 749 1589 792 a
1615 727 1870 802 Satana,
1897 747 2026 790 non
2055 725 2380 811 judicatur
2403 728 2545 795 vice
2575 727 2762 818 ipsius

728 830 1017 908 Satanas,
1061 834 1173 897 sed
1202 832 1334 920 ipse
1362 831 1556 897 homo
1587 833 1929 920 castigatur
1968 851 2041 894 ac
2069 830 2354 918 punitur,
2390 835 2565 919 quod
2595 833 2765 899 mali·

728 936 833 1002 tiae
878 936 1182 1003 obediens
1226 935 1428 1003 sactus
1461 937 1654 1002 suerit
1682 960 1761 1004 ex
1795 935 2049 1025 propria
2081 937 2415 1003 voluntate.
2460 938 2765 1003 Similiter

726 1041 780 1107 si
838 1054 1054 1131 vergat
1107 1043 1301 1109 homo
1345 1043 1425 1107 ad
1464 1043 1747 1116 bonum,
1790 1052 1854 1107 et
1901 1040 2114 1104 vincat
2151 1041 2345 1128 gratia
2379 1041 2523 1115 Dei;
2589 1042 2772 1106 haud

733 1147 1010 1213 ascribat
1035 1148 1152 1236 ipsi
1179 1147 1301 1214 sibi
1331 1147 1573 1213 bonum
1592 1147 1825 1236 gratim
1846 1146 1960 1212 sed
1984 1145 2272 1212 attribuit
2289 1146 2530 1212 homini
2550 1159 2617 1212 et
2643 1149 2772 1235 glo·

731 1252 943 1319 rificat
969 1254 1216 1343 ipsuum
1262 1255 1566 1342 quoniam
1593 1253 1711 1320 sibi
1739 1254 1934 1320 homo
1973 1275 2167 1318 causa
2210 1253 2361 1319 boni
2401 1254 2605 1318 factus
2636 1264 2767 1325 est:

730 1357 872 1424 talis
901 1357 1074 1424 enim
1105 1358 1213 1425 hic
1237 1372 1333 1425 est
1366 1372 1643 1435 naturae3
1673 1382 1799 1425 non
1831 1369 2044 1423 autem
2077 1371 2151 1422 ut
2174 1358 2422 1423 veniens
2445 1359 2522 1422 ad
2557 1357 2774 1445 ipsum

725 1463 933 1551 gratia
959 1464 1110 1553 liget
1145 1465 1285 1553 ejus
1321 1468 1715 1536 voluntatem
1736 1513 1754 1539 ,
1796 1465 2139 1530 inducente
2175 1463 2609 1530 necessitatem
2651 1485 2776 1550 po-

732 1568 965 1644 tentia;
1002 1591 1075 1635 ac
1115 1570 1194 1634 de
1226 1583 1458 1636 caetero
1482 1573 1799 1637 volentem
1836 1571 2158 1634 nolentem
2191 1568 2400 1657 ipsum
2432 1564 2773 1630 immobili-

727 1659 826 1737 ter
879 1670 1088 1760 affigat
1137 1675 1346 1747 bono;
1393 1677 1506 1738 sed
1564 1677 1672 1739 dat
1724 1678 1941 1738 locum
1971 1673 2174 1737 libero
2217 1672 2519 1745 arbitrio,
2576 1668 2771 1732 etiam

730 1797 878 1840 cum
938 1776 1026 1851 'dli
1084 1797 1358 1859 praesens
1414 1777 1592 1837 adest
1650 1774 1857 1838 divina
1913 1774 2005 1836 vis
2056 1797 2073 1835 ε
2141 1786 2214 1837 ut
2264 1776 2767 1844 demonstretur,

729 1889 942 1938 utrum
966 1875 1241 1938 bominis
1276 1878 1564 1940 voluntas
1598 1875 1875 1939 animam
1907 1874 1974 1939 in
2005 1876 2210 1962 pretio
2242 1875 2507 1952 habeat,
2545 1901 2634 1943 an
2654 1899 2772 1942 non

725 1977 992 2049 habeat3
1025 1981 1404 2055 consentiat,
1438 2002 1521 2044 an
1545 2001 1672 2044 non
1706 1978 2109 2046 consentiat?
2140 1979 2321 2045 Multi
2352 1980 2534 2045 enim
2561 1983 2627 2047 in
2643 2006 2774 2071 pre-

725 2080 815 2146 tio
845 2080 1212 2149 habuerunt
1231 2132 1249 2159 ,
1284 2097 1350 2149 et
1374 2095 1868 2158 consenserunt;
1906 2083 2008 2149 alii
2036 2083 2234 2149 aversi
2260 2083 2564 2149 abierunt
2581 2110 2604 2160 ς
2628 2086 2778 2151 dicit

729 2184 906 2249 enim
926 2185 1267 2274 Apostolus
1295 2212 1310 2253 ε
1363 2215 1389 2249 ι
1413 2189 1580 2254 Cum
1610 2190 1837 2277 spiritu
1866 2187 2213 2277 coeperitis,
2248 2210 2445 2254 carne
2474 2211 2777 2254 consum-

730 2289 1103 2374 »mamini¹.
1135 2319 1161 2353 ιι
1202 2293 1455 2359 Naturae
1500 2294 1734 2383 quippe
1783 2295 1889 2358 lex
1932 2315 2062 2358 non
2108 2305 2205 2359 est
2245 2293 2472 2380 posita,
2515 2297 2621 2359 sed
2676 2295 2775 2360 sui

736 2396 1019 2485 compoti
1064 2398 1325 2464 arbitrio
1355 2411 1422 2465 ot
1448 2383 1790 2475 electioni}
1812 2421 1954 2486 quae
1978 2396 2138 2465 verti
2176 2400 2258 2464 ad
2292 2399 2531 2464 bonum
2555 2411 2618 2465 et
2644 2421 2776 2464 ma·

738 2500 873 2565 lum
912 2515 1140 2590 potest.
1182 2504 1523 2594 Propterea
1563 2504 1715 2570 dicit
1736 2504 2048 2570 Dominus
2086 2526 2102 2567 :
2162 2503 2422 2591 «Ignem
2454 2503 2596 2569 veni
2624 2505 2779 2568 mit-

746 2628 772 2662 »
792 2617 925 2669 tore
957 2607 1019 2669 in
1054 2618 1312 2683 terram,
1341 2622 1406 2673 et
1434 2611 1590 2695 quid
1619 2611 1786 2686 volo,
1819 2609 1937 2674 nisi
1972 2620 2040 2672 ut
2064 2610 2454 2673 accendatur
2470 2606 2526 2671 ’Β
2551 2635 2575 2667 ι
2626 2607 2782 2673 Vult

739 2707 1054 2772 Dominus
1087 2712 1346 2775 accendi
1380 2714 1703 2779 coelestem
1736 2714 1945 2802 ignem
1977 2712 2041 2776 in
2072 2713 2375 2777 cordibus
2408 2712 2779 2785 hominum;

740 2809 972 2877 horum
1030 2832 1180 2876 vero
1233 2814 1491 2902 quidam
1553 2820 1811 2893 volunt,
1860 2817 2118 2905 quidam
2167 2820 2410 2883 nolunt.
2479 2816 2791 2884 Similiter

742 2938 963 2981 rursus
1004 2915 1201 2983 dicit:
1254 2946 1280 2980 ι
1314 2921 1581 3001 Quoties
1608 2925 1777 2990 volui
1833 2946 2216 3013 congregare
2265 2947 2370 2988 vos
2425 2935 2494 2986 ut
2540 2923 2790 3008 gallina

742 3034 1130 3110 »congregat
1172 3028 1379 3113 pullos
1427 3052 1574 3093 suos
1599 3079 1616 3105 ,
1669 3041 1737 3095 et
1766 3028 2158 3096 noluistis⁸.»
2197 3026 2381 3091 Vides
2421 3025 2796 3094 Dominum

743 3126 929 3201 velle,
950 3149 1167 3192 rursus
1196 3143 1409 3197 autem
1431 3134 1722 3200 homines
1752 3138 1922 3203 nolle
1972 3132 2266 3203 accedere
2313 3132 2396 3201 nd
2425 3131 2799 3200 Dominum

734 3240 812 3295 et
840 3230 1344 3299 misericordiam
1370 3238 1670 3303 nancisci.
1867 3220 1872 3225 ’

834 3335 1011 3404 XIII.
1068 3337 1195 3418 Qui
1244 3342 1377 3405 vult
1420 3345 1725 3410 accedere
1764 3347 1844 3411 ad
1890 3345 2235 3411 Dominum
2276 3355 2343 3409 et
2386 3342 2514 3408 vita
2546 3352 2794 3407 aeterna

745 3440 973 3527 dignus
1005 3443 1261 3520 haberi,
1291 3457 1355 3510 et
1386 3446 1820 3517 habitaculum
1847 3452 1966 3517 Dei
1990 3450 2167 3526 fieri,
2191 3462 2259 3516 et
2285 3448 2524 3542 Spiritu
2560 3459 2797 3513 sancto

749 3542 976 3631 dignus
1024 3544 1245 3615 haberi
1273 3600 1291 3628 ,
1349 3566 1418 3620 ut
1469 3556 1715 3623 fructus
1773 3558 1912 3644 ejus
1960 3557 2133 3643 juxta
2184 3558 2474 3623 mandata
2522 3552 2799 3618 Domini

745 3661 936 3734 queat
961 3650 1598 3742 irreprehensibiliter
1618 3676 1683 3728 et
1704 3685 1862 3751 pure
1884 3662 2117 3739 facere,
2146 3662 2235 3728 sic
2262 3660 2453 3726 debet
2473 3656 2795 3744 incipero.

746 3752 1029 3821 Primum
1053 3764 1312 3830 credere
1331 3767 1605 3834 Domine
1631 3767 1921 3842 firmiter.
1952 3780 2016 3833 et
2048 3768 2200 3832 dare
2223 3790 2304 3834 ex
2326 3750 2460 3830 toto
2485 3786 2554 3828 se
2578 3762 2802 3850 ipsum

746 3859 955 3927 verbis
977 3871 1424 3938 mandatorum
1447 3873 1588 3959 ejus
1609 3924 1627 3950 ,
1660 3887 1726 3940 et
1745 3872 2109 3941 renuntiare
2139 3873 2386 3938 mundo
2411 3892 2530 3960 per
2551 3865 2802 3941 omnia·

816 4012 833 4034 ·
859 3995 1022 4051 Galat.
1047 4016 1125 4064 m,
1146 4005 1196 4062 ὅ.
1230 4034 1294 4050 -
1319 4022 1338 4048 ⁸
1361 4009 1480 4064 Luc.
1503 4026 1594 4074 ιιι,
1618 4010 1701 4076 49.
1731 4036 1792 4049 -
1818 4010 1842 4049 ⁸
1865 4008 2049 4065 nauh.
2071 4022 2218 4072 xxm,
2242 4007 2326 4073 37.
