2982 4885
641 502 766 571 136
1004 541 1009 542 ν
1310 523 1359 564 s.
1415 521 1678 569 nucum
1726 495 1996 570 aaran

635 639 879 708 obtinet
913 638 976 703 in
1001 637 1207 704 anima
1233 659 1419 727 opes,
1447 641 1874 727 producentes
1899 639 2298 731 scaturiginis
2319 641 2519 709 instar
2539 667 2672 710 om-

631 767 775 811 nem
807 743 1159 809 bonitatem
1192 764 1557 808 sermonum
1580 794 1596 819 ,
1617 767 1884 834 operum
1906 794 1925 820 ,
1955 746 2410 835 cogitationum
2437 748 2671 814 divina-

634 871 783 942 rum¹
808 862 873 914 et
902 848 1351 937 mysteriorum
1386 849 1831 929 ineffabilium,
1867 850 1998 927 hic,
2032 852 2316 939 inquam,
2350 852 2502 918 licet
2524 854 2671 919 velit

631 955 897 1030 verbum
928 954 1205 1021 veritatis
1237 954 1486 1042 eloqui,
1529 978 1604 1023 ac
1634 979 1925 1023 recreare
1954 955 2280 1044 quosdam¹
2299 957 2625 1023 audientes
2647 1006 2667 1032 ,

633 1081 780 1126 cum
822 1072 1037 1127 tamen
1082 1059 1440 1126 secundum
1473 1061 1775 1129 virtutem
1806 1085 1879 1129 ac
1922 1062 1987 1128 in
2018 1061 2279 1128 veritate
2312 1084 2672 1129 sermonem

630 1164 748 1231 Dei
780 1189 909 1236 non
941 1166 1270 1241 obtineat3
1309 1188 1535 1232 verum
1573 1166 1714 1235 illos
1742 1169 1934 1234 modo
1972 1191 2333 1244 sermones,
2367 1191 2529 1257 quos
2561 1181 2675 1235 aut

631 1292 665 1336 a
690 1293 1092 1360 quacumque
1116 1270 1444 1360 Scriptura
1470 1284 1822 1349 mutuatur,
1851 1285 1959 1338 aut
1976 1274 2055 1339 ab
2081 1274 2216 1339 aliis
2236 1274 2674 1364 spiritualibus

635 1378 903 1455 audivit,
942 1390 1220 1467 exponat
1255 1392 1321 1445 et
1358 1381 1629 1455 doceat3
1665 1403 1746 1445 en
1790 1379 2041 1445 videtur
2074 1380 2338 1467 quidem
2373 1381 2482 1456 ille,
2513 1379 2675 1445 alios

633 1507 923 1552 recreare
942 1534 959 1562 ,
989 1496 1055 1552 et
1085 1505 1238 1552 sane
1269 1485 1572 1552 fruuntur
1606 1485 1714 1552 alii
1740 1486 2177 1554 sermonibus:
2209 1486 2318 1552 ubi
2347 1508 2491 1552 vero
2520 1487 2677 1550 eum

629 1613 991 1660 sermonem
1006 1592 1393 1667 recitaverit,
1417 1595 1922 1682 unumquodque
1946 1593 2212 1658 verbum
2238 1591 2318 1656 ad
2334 1614 2470 1669 sua,
2500 1593 2677 1656 unde

636 1701 1009 1765 translatum
1039 1711 1197 1772 erat,
1224 1698 1566 1762 revertitur
1592 1721 1609 1761 ε
1645 1710 1783 1760 tum
1807 1697 1913 1760 ille
1944 1698 2155 1760 denuo
2184 1698 2394 1762 nudus
2425 1718 2500 1761 ac
2529 1717 2682 1784 pau·

631 1824 746 1888 per
778 1812 1085 1872 remanet,
1116 1820 1338 1862 careus
1363 1798 1623 1885 proprio
1656 1798 1952 1860 thesauro
1986 1795 2278 1882 Spiritus,
2302 1818 2340 1858 e
2372 1819 2499 1879 quo
2533 1819 2682 1884 pro0

636 1913 803 1979 mat,
835 1901 1013 1987 juvet
1036 1911 1101 1964 et
1134 1912 1381 1965 recreet
1413 1900 1566 1965 alios
1587 1949 1605 1976 ,
1641 1921 1715 1965 ac
1745 1898 1988 1987 primus
2019 1898 2153 1987 ipse
2188 1917 2318 1963 non
2350 1896 2684 1978 reficitur,

632 2029 751 2072 nec
785 2004 1024 2092 Spiritu
1046 2006 1305 2070 exultat.

724 2110 826 2174 vl.
880 2110 1223 2200 Propterea
1272 2110 1584 2199 imprimis
1632 2112 2086 2201 postulandum
2134 2123 2232 2177 est
2274 2133 2307 2176 a
2353 2110 2492 2177 Deo
2530 2133 2681 2178 cum

635 2214 1043 2280 contentione
1074 2215 1285 2283 cordis
1319 2238 1392 2282 ac
1415 2214 1576 2293 fide,
1611 2219 1721 2283 det
1745 2217 1929 2283 nobis
1948 2265 1966 2291 ,
2002 2229 2073 2282 ut
2097 2203 2494 2282 inveniamus
2514 2216 2683 2282 divi-

635 2317 751 2385 tias
779 2320 919 2409 ejus
938 2370 958 2399 ,
990 2344 1215 2389 verum
1246 2321 1620 2389 thesaurum
1651 2321 1886 2387 Christi
1918 2321 1984 2386 in
2014 2321 2319 2386 cordibus
2350 2320 2580 2386 nostris
2612 2320 2680 2388 in

635 2424 870 2493 virtute
898 2449 973 2494 ac
1010 2426 1294 2495 efficacia
1328 2426 1620 2518 Spiritus.
1663 2427 1745 2493 Et
1782 2425 1903 2494 hac
1934 2426 2218 2503 ratione,
2257 2424 2369 2490 ubi
2412 2424 2586 2515 prius
2613 2423 2682 2490 in

638 2533 824 2607 nobis
854 2537 1293 2609 commodum,
1321 2536 1616 2609 salutem,
1644 2555 1719 2599 ac
1750 2533 1940 2598 vitam
1975 2544 2301 2607 aeternam,
2331 2531 2682 2603 Dominum

638 2641 882 2706 scilicet
918 2641 1247 2707 consecuti
1272 2640 1623 2713 fuerimus,
1658 2638 2063 2725 postmodum
2093 2656 2349 2726 quoque
2380 2639 2532 2717 alios
2564 2658 2679 2726 pro

640 2742 942 2809 facultate
972 2756 1037 2809 et
1067 2743 1307 2808 viribus
1332 2741 1570 2806 nostris
1596 2739 1997 2827 adjuvemus,
2031 2741 2423 2808 exinteriori
2449 2738 2680 2817 Christi

638 2846 935 2917 thesauro
956 2858 1321 2937 promentes
1344 2867 1603 2911 omnem
1620 2844 1975 2912 bonitatem
1998 2845 2424 2935 spiritualium
2449 2868 2682 2912 sermo-

641 2976 833 3028 num,
876 2973 949 3016 ac
981 2950 1335 3016 coelestium
1364 2951 1815 3037 mysteriorum
1846 2952 2313 3018 enarrationem
2346 2951 2681 3018 instituen-

640 3069 753 3123 tes.
794 3056 901 3121 Sic
943 3046 1112 3122 enim
1149 3055 1393 3145 placuit
1426 3042 1697 3122 bonitati
1728 3057 2072 3123 voluntatis
2114 3058 2355 3133 Patris,
2393 3057 2683 3124 habitare

643 3160 813 3250 apud
843 3181 1136 3236 omnem,
1169 3159 1277 3248 qui
1303 3159 1508 3225 credit
1538 3160 1603 3225 in
1627 3182 1772 3225 eum
1796 3210 1814 3237 ,
1847 3184 2124 3250 eumque
2143 3165 2444 3252 postulat.
2498 3189 2524 3222 α
2555 3161 2686 3242 Qui

640 3296 667 3331 ι
685 3267 856 3335 enim
882 3266 1082 3357 diligit
1111 3290 1247 3343 me,
1274 3266 1515 3354 inquit,
1549 3265 1845 3356 diligetur
1868 3292 1902 3334 a
1923 3270 2113 3335 Patre
2139 3292 2285 3336 meo
2303 3318 2322 3346 ,
2348 3282 2414 3336 et
2446 3290 2565 3359 ego
2587 3267 2687 3335 di-

641 3375 877 3463 »ligam
908 3397 1059 3440 eum
1079 3423 1098 3451 ,
1140 3386 1206 3439 et
1238 3370 1654 3438 manifestabo
1684 3373 1745 3440 ei
1773 3397 1878 3440 me
1908 3375 2118 3464 ipsum
2153 3374 2201 3441 ¹.
2233 3403 2259 3437 ι
2300 3376 2377 3441 Et
2403 3376 2634 3442 iterum
2663 3396 2681 3438 ε

657 3505 682 3541 ι
709 3478 1049 3545 Veniemus
1099 3501 1218 3568 ego
1247 3489 1313 3543 et
1344 3479 1532 3544 Pater
1560 3502 1775 3557 meus,
1810 3493 1874 3546 et
1912 3482 2306 3548 mansionem
2340 3483 2512 3570 apud
2534 3502 2690 3545 eum

645 3612 672 3646 ι
691 3583 998 3650 faciemus
1027 3581 1076 3649 ².
1116 3610 1141 3645 ι
1180 3582 1287 3649 Sic
1318 3582 1581 3651 infinitae
1606 3586 1959 3653 clementiae
1985 3586 2189 3653 Patris
2219 3588 2420 3654 visum
2448 3597 2571 3660 est,
2596 3585 2688 3649 sic

642 3689 1267 3778 incomprehensibili
1310 3689 1605 3756 charitati
1650 3691 1884 3757 Christi
1926 3692 2168 3780 placuit
2201 3714 2220 3758 ε
2262 3693 2354 3758 sic
2391 3688 2687 3757 inffabilis

639 3796 889 3862 bonitas
921 3793 1192 3882 Spiritus
1215 3796 1526 3885 promisit.
1559 3796 1775 3862 Gloria
1799 3796 1880 3863 sit
1912 3796 2216 3866 ineffabili
2240 3793 2687 3869 nu'bericordiae

643 3912 879 3968 sanctae
894 3900 1238 3977 Trinitatis.
2433 3928 2450 3941 ·

676 4070 683 4079 -
716 4054 730 4079 ·
759 4038 906 4091 Joan.
927 4054 1021 4111 xxj,
1047 4057 1128 4097 n.
1150 4069 1215 4084 -
1233 4039 1353 4093 ·1d.
1376 4053 1478 4099 nv,
1504 4037 1585 4092 ιδ.
