2982 4885
922 396 1103 442 man
1148 396 1229 440 na
1275 394 1644 443 mammos.
2176 382 2304 469 527

270 547 294 579 ι
314 516 645 585 nitentiam
663 513 710 579 ¹.
743 539 768 573 ι
797 512 880 578 Et
907 512 1129 579 Petrus
1167 513 1486 601 apostolus
1529 512 1713 603 Mago
1739 514 1982 587 Simoni
2013 516 2302 587 dixerat:

287 651 311 681 ι
337 623 470 710 Age
499 619 935 710 poenitentiam
955 667 975 693 ,
1009 618 1060 683 si
1092 640 1219 705 quo
1251 618 1444 681 modo
1482 617 1840 685 dimittatur
1866 622 1979 688 tibi
2010 626 2182 711 quod
2211 622 2307 690 fe-

273 759 296 787 »
318 728 457 793 cisti
477 726 524 792 ².
562 754 586 786 ι
634 726 714 791 Et
762 723 993 790 Paulus
1043 744 1234 809 quem
1281 721 1643 810 abjecerat,
1691 748 1841 790 eum
1885 726 2118 817 suscipi
2167 739 2311 818 post

275 847 521 920 tempus
548 832 776 896 iterum
796 828 999 916 jubet.
1030 827 1451 893 Amissionem
1468 827 1485 892 i
1494 839 1681 914 taque
1703 829 2022 918 dignitatis
2044 844 2309 920 possunt

276 935 516 1026 perpeti
561 938 752 1012 tales,
782 955 914 1007 non
947 933 1399 999 detrimentum
1431 933 1688 1009 salutis,
1728 947 1802 1000 ut
1837 937 1926 1013 ait
1952 936 2303 1006 Dominus:

288 1070 314 1101 ι
336 1042 545 1109 Multae
580 1039 938 1107 mansiones
968 1051 1116 1107 sunt
1141 1039 1309 1127 apud
1340 1037 1597 1104 Patrem
1626 1060 1841 1105 meum
1861 1039 1906 1107 ⁸.
1942 1070 1968 1103 ι

976 1249 1081 1298 LV.
1117 1246 1618 1301 MONTARISTAE.

364 1431 795 1495 Mosnmsut
841 1433 1028 1497 sunt,
1067 1422 1177 1509 qui
1214 1422 1614 1511 rebaptizant
1651 1425 1704 1490 si
1749 1448 1909 1514 quos
1955 1427 2322 1496 seduxerint
2381 1445 2386 1449 ’

279 1534 570 1603 homines
602 1581 622 1607 ,
658 1543 724 1595 et
771 1549 962 1617 supra
1002 1526 1388 1616 baptismum
1431 1529 1735 1596 Ecclesiae
1787 1532 2114 1598 catholicae
2152 1531 2323 1598 aliud

282 1660 466 1703 snum
518 1634 828 1724 baptisma
863 1632 1245 1699 insanientes
1281 1634 1699 1722 promittunt,
1737 1636 1847 1725 qui
1877 1647 1942 1701 et
1985 1636 2322 1702 Donatiani

283 1745 611 1815 dicuntur,
640 1762 674 1804 a
703 1739 982 1827 quodam
1005 1737 1256 1803 Donato
1278 1739 1342 1803 in
1377 1738 1592 1805 Africa
1620 1742 1992 1817 constituto,
2026 1741 2135 1830 qui
2160 1741 2327 1808 hanc

282 1847 571 1914 haeresim
600 1841 968 1919 seminavit,
1003 1842 1114 1930 qui
1141 1854 1207 1907 et
1233 1841 1635 1909 Parmeniani
1665 1868 1839 1913 nunc
1864 1849 2265 1937 appellantur
2288 1868 2325 1914 a

282 1951 701 2018 Parmenione
715 1947 1018 2036 quodam,
1052 1946 1160 2034 qui
1191 1969 1415 2014 eorum
1440 1971 1648 2039 nuper
1670 1952 1976 2018 successit
2001 1952 2326 2019 erroribus

295 2070 485 2143 atque
528 2052 797 2122 falsitati.

982 2243 1121 2293 tm.
1157 2241 1644 2294 Arsa-mauras.
1749 2206 1750 2209 ¹

382 2420 553 2489 Sum
588 2415 652 2483 in
677 2412 919 2489 Galliis,
950 2424 1017 2480 et
1051 2411 1116 2478 in
1148 2410 1466 2506 Hispaniis
1483 2424 1550 2478 et
1564 2411 1901 2501 Aquitania
1921 2414 2115 2482 veluti
2139 2415 2334 2485 absti-

295 2541 548 2602 nentes,
587 2522 792 2611 quiet
834 2519 1287 2586 Gnosticorum
1326 2531 1392 2584 et
1432 2517 1925 2584 Manichaeorum
1960 2521 2337 2609 particulam

297 2626 894 2724 perniciosissimam
916 2646 1097 2711 aeque
1129 2634 1508 2710 sequuntur,
1545 2624 1963 2711 eamdemque
1991 2647 2120 2691 non
2145 2626 2337 2714 *dubi-

303 2748 440 2803 tant
463 2732 836 2824 praedicare,
871 2739 1233 2818 separantes
1260 2725 1775 2816 persuasionibus
1813 2730 2103 2820 conjugia
2128 2732 2339 2798 homi-

302 2867 455 2910 num
478 2893 492 2914 ,
517 2853 582 2907 et
608 2837 900 2904 escarum
936 2834 1380 2901 abstinentiam
1410 2834 1851 2922 promittentes
1872 2885 1891 2911 ,
1928 2860 2066 2925 quae
2100 2861 2229 2904 non
2259 2860 2339 2908 ex

302 2950 454 3038 legis
500 2927 861 3037 praecepto,
909 2944 1021 3008 sed
1065 2940 1480 3029 promotionis
1539 2942 1849 3016 coelestis.
1898 2956 1963 3009 et
2018 2945 2335 3034 dignitatis

304 3077 490 3120 causa
515 3049 821 3119 voluntati
840 3048 1173 3113 hominum
1197 3047 1335 3111 talis
1354 3069 1389 3110 a
1412 3045 1665 3112 Christo
1677 3067 1973 3115 concessa
1990 3062 2085 3115 est
2106 3053 2325 3138 gratia.

306 3160 474 3227 Dicit
521 3157 693 3222 enim
735 3154 1049 3219 Dominus
1097 3150 1283 3218 Petro
1324 3176 1342 3214 ε
1398 3177 1425 3212 ι
1457 3150 1599 3217 Non
1646 3173 1866 3216 omnes
1911 3154 2168 3240 capiunt
2214 3154 2339 3220 hoc

308 3263 618 3329 »verbum
641 3259 687 3322 ’.
727 3285 753 3317 ι
798 3256 878 3320 Et
906 3256 1141 3321 iterum
1174 3257 1343 3321 idem
1371 3256 1682 3322 Dominus
1708 3256 1794 3320 ait
1821 3278 1837 3319 ε
1878 3282 1904 3314 ι
1938 3256 2065 3336 Qui
2089 3257 2341 3325 dimise-

310 3400 336 3432 »
355 3371 434 3434 rit
449 3386 708 3432 uxorem
724 3381 902 3427 suam
919 3359 1052 3422 sine
1071 3379 1260 3422 causa
1275 3360 1580 3434 criminis,
1600 3360 1753 3425 facit
1768 3382 1909 3425 eam
1923 3362 2286 3430 moechari‘.
2297 3390 2325 3425 ι

311 3472 501 3543 Aliud
526 3483 621 3537 est
651 3469 864 3551 itaque
888 3481 1203 3527 consensu
1231 3464 1555 3526 communi
1590 3465 1713 3528 hoc
1752 3464 1889 3531 fieri
1918 3467 2119 3533 laudis
2153 3491 2340 3540 causa

312 3576 572 3666 majoris
612 3568 1074 3655 consequendae
1115 3589 1151 3631 a
1193 3564 1509 3638 Domino.
1560 3576 1624 3629 et
1670 3566 1840 3632 aliud
1878 3585 2097 3639 contra
2134 3576 2338 3666 legem

315 3685 620 3754 suadere,
658 3688 1003 3761 contraque
1037 3671 1372 3738 amborum
1413 3669 1622 3736 facere
1661 3674 2071 3744 voluntatem.
2112 3680 2189 3746 Et
2222 3682 2340 3748 ite-

386 3832 403 3856 ·
437 3834 460 3866 ²
483 3815 603 3866 Cor.
629 3829 722 3873 ιιι,
746 3827 821 3864 21.
848 3836 907 3851 --
934 3825 954 3848 ¹
982 3811 1095 3861 Act.
1117 3823 1227 3868 vm,
1255 3823 1399 3860 am-
1430 3810 1452 3843 ³
1476 3808 1621 3859 Joan.
1648 3822 1748 3868 xiv,
1777 3825 1882 3859 ².-
1904 3814 1926 3855 4
1948 3811 2123 3868 Manu,
2145 3835 2243 3878 κη,
2270 3836 2343 3876 tt.

308 3928 380 3946 .—
404 3900 425 3936 ⁴
451 3896 579 3948 ibid.
608 3913 662 3962 9.
