2982 4885
634 483 764 551 362
1307 507 1355 553 s.
1412 506 1677 555 uAcAnn
1721 508 1992 557 aorrru

632 621 936 698 animam,
971 635 1044 687 ut
1076 623 1164 687 sic
1201 623 1473 699 dicatur,
1517 635 1580 688 et
1614 624 1935 713 hypostasi
1969 624 2033 691 in
2065 625 2460 715 hypostasim
2490 627 2669 716 quasi

634 730 1042 793 coalescente.
1109 728 1192 793 Ut
1230 751 1344 817 per
1383 728 1509 793 hoc
1556 729 1668 794 tali
1716 729 1938 794 animae
1988 730 2050 794 in
2095 731 2293 820 ipsius
2332 734 2671 799 Divinitate

635 832 840 899 vivore
871 834 1234 922 contingat,
1265 845 1330 899 et
1362 837 1445 898 ad
1474 834 1900 900 immortalem
1930 835 2124 900 vitam
2157 841 2412 904 taudem
2445 860 2662 926 perve-

636 940 794 1015 nire,
825 941 1268 1028 voluptateque
1295 940 1688 1029 incorrupta,
1714 954 1780 1006 et
1813 940 2112 1007 ineffabili
2140 945 2340 1031 gloria
2369 945 2666 1032 gaudere.

723 1046 858 1114 VII.
913 1048 1046 1113 Tali
1067 1048 1288 1113 animae
1311 1046 1649 1124 Dominus,
1666 1048 1912 1137 quoties
1932 1049 2193 1137 quidem
2216 1054 2374 1127 vult,
2399 1050 2673 1139 fitignis,

638 1175 1018 1218 consumens
1056 1150 1362 1245 quidquid
1403 1154 1469 1219 in
1510 1176 1585 1218 ea
1623 1175 1889 1243 pravum
1928 1175 2003 1219 ao
2051 1154 2304 1221 aliunde
2349 1156 2679 1221 invectum

641 1271 771 1333 θεῖς
817 1259 983 1325 sieut
1029 1260 1116 1325 ait
1157 1259 1516 1348 Propheta:
1568 1259 1786 1324 «Deus
1830 1271 2045 1325 noster
2089 1260 2244 1348 ignis
2289 1282 2684 1326 consumens

645 1390 670 1423 »
689 1377 811 1429 est.
841 1392 866 1425 »
887 1364 1056 1441 Alias
1085 1365 1294 1430 eidem
1326 1366 1550 1429 animm
1589 1362 1661 1429 fit
1702 1363 2036 1429 ineffabilis
2057 1363 2296 1452 quies¹3
2329 1363 2686 1449 aliquando

647 1470 950 1557 gaudium
993 1483 1057 1535 et
1094 1494 1255 1562 pax.
1297 1469 1765 1537 circumferens
1790 1517 1810 1546 ,
1855 1482 1921 1535 et
1960 1470 2239 1558 undique
2287 1470 2685 1555 amplectens

646 1564 845 1661 ipsam
875 1598 890 1641 ε
927 1588 1171 1641 tantum
1204 1600 1285 1642 ne
1310 1577 1587 1642 desimus
1610 1576 1840 1642 nostris
1867 1576 2177 1663 partibus,
2210 1585 2283 1639 ut
2304 1573 2486 1639 illum
2518 1595 2683 1638 ame-

637 1680 813 1756 mus,
855 1680 943 1746 illi
970 1680 1401 1769 gratificomur
1428 1680 1713 1746 moribus
1744 1680 1978 1767 probis.
2010 1680 2161 1744 Haec
2194 1678 2303 1766 qui
2336 1677 2675 1766 praestabit.

654 1782 789 1872 ipso
822 1808 1008 1849 sensu
1043 1785 1384 1874 perspiciet
1422 1784 1583 1849 inire
1612 1806 1679 1848 se
1704 1784 1838 1870 jam
1858 1782 2326 1870 possessionem
2356 1782 2679 1849 inenarra-

649 1882 871 1952 bilium
903 1886 1240 1963 bonorum,
1269 1911 1408 1975 quae
1441 1888 1667 1952 oculus
1688 1908 1817 1951 non
1846 1886 2029 1963 vidit,
2063 1886 2231 1950 auris
2254 1885 2676 1963 nou-audivit,

649 2001 713 2054 et
743 1990 807 2054 in
836 2013 949 2055 cor
977 1990 1252 2057 hominis
1283 2014 1411 2060 nou
1445 1993 1868 2057 ascenderunt
1886 2016 1906 2068 3
1947 2014 2061 2079 per
2092 2014 2233 2078 quae
2270 1991 2542 2082 Spiritus
2560 1991 2683 2058 Do-

650 2093 803 2159 mini
827 2092 900 2160 tit
929 2093 1187 2162 nuncin
1211 2097 1528 2185 requiem,
1560 2118 1734 2163 nunc
1772 2096 1838 2162 in
1867 2096 2349 2173 exultationem,
2384 2110 2452 2164 et
2474 2099 2687 2186 volup-

635 2190 844 2265 ⁸tatem
878 2215 942 2267 et
970 2199 1163 2269 vitam
1185 2200 1324 2291 ejus
1349 2202 1599 2281 animae,
1631 2200 1772 2292 quae
1801 2225 1868 2268 se
1894 2203 2002 2268 illo
2034 2203 2289 2291 dignam
2312 2201 2677 2269 ostenderit.

639 2292 1028 2397 'incorporat
1061 2304 1231 2374 enim
1274 2308 1580 2397 seipsum
1609 2308 1775 2374 sicut
1808 2308 1872 2374 in
1901 2330 2116 2374 escam
2147 2308 2557 2396 spiritualem.
2600 2306 2688 2372 ita

657 2423 721 2479 et
752 2400 815 2478 in
845 2408 1289 2483 indumentum
1318 2428 1383 2481 et
1413 2427 1708 2482 ornatum
1737 2413 2173 2484 inenarrabilis
2201 2411 2577 2503 splendoris,
2616 2422 2693 2476 ut

643 2503 755 2606 ‘sic
806 2542 948 2586 eam
999 2520 1307 2609 spirituali
1342 2520 1555 2586 laetitia
1590 2519 1865 2609 impleat.
1908 2546 1933 2579 ι
2012 2542 2087 2585 σο
2119 2518 2315 2593 enim,
2357 2516 2465 2590 ait,
2503 2514 2693 2603 panis

665 2650 690 2683 »
709 2623 848 2688 vitae
875 2648 1015 2690 sum
1032 2625 1077 2692 ².
1108 2654 1133 2687 ι
1154 2623 1235 2691 Et
1254 2676 1273 2702 ,
1295 2654 1320 2687 ι
1341 2626 1466 2706 Qui
1495 2625 1728 2692 biberit
1749 2648 1829 2691 ex
1857 2647 2018 2713 aqua
2047 2647 2238 2712 quam
2266 2645 2380 2712 ego
2410 2620 2575 2688 dabo
2600 2620 2689 2695 ei,

647 2713 689 2788 ⁷»
710 2725 820 2791 sset
845 2728 906 2792 in
931 2752 1008 2793 eo
1030 2728 1169 2795 sons
1194 2751 1369 2818 aquae
1393 2732 1672 2800 salientis
1696 2732 1759 2798 in
1782 2731 1976 2796 vitam
1998 2744 2301 2802 aeternam
2319 2728 2366 2795 ⁸.
2393 2757 2419 2790 ι

647 2831 654 2836 ’
750 2823 914 2898 V111.
971 2832 1060 2896 Ita
1107 2834 1336 2922 cuique
1369 2838 1771 2902 sacerdotum
1801 2850 1867 2903 et
1893 2849 2258 2902 sanctorum
2289 2835 2460 2899 Deus
2499 2856 2693 2924 appa-

665 2925 815 3012 ruit,
855 2933 928 3002 ut
966 2950 1031 3002 et
1066 2937 1182 3027 ipsi
1220 2939 1337 3006 suit
1365 2939 1500 3007 Deo
1531 2941 1838 3031 placitum
1882 2953 1948 3007 et
1988 2939 2219 3007 videnti
2262 2939 2419 3004 utile
2446 2953 2471 3001 ἐ
2515 2939 2696 3003 aliter

659 3035 1047 3116 Abrahamo,
1084 3045 1263 3111 aliter
1296 3046 1533 3122 Isaaco,
1570 3047 1749 3112 aliter
1779 3069 2030 3135 quoque
2057 3042 2323 3117 «Iacobo,
2356 3040 2521 3117 Noe,
2568 3041 2697 3108 Da-

639 3144 844 3258 «Jtieli,
894 3148 1071 3226 Mosi,
1123 3152 1372 3224 Davidi.
1407 3165 1472 3217 et
1504 3151 1863 3239 unicuique=
1887 3145 2370 3240 Prophetarum,
2405 3147 2698 3230 minuens

651 3266 736 3367 §t
766 3247 830 3318 in
863 3277 1093 3345 corpus
1117 3254 1358 3346 fingens
1389 3279 1455 3320 se
1485 3257 1716 3345 ipsum,
1749 3258 1917 3323 sicut
1947 3258 2189 3322 dietum
2219 3267 2340 3323 est.
2368 3250 2703 3340 transfigu-

672 3381 942 3447 ransque
972 3385 1062 3438 se,
1099 3383 1171 3427 ac
1209 3361 1408 3427 forma
1432 3361 1656 3428 visibili
1683 3374 1999 3453 assumpta
2034 3361 2411 3428 intuendum
2441 3382 2507 3424 se
2535 3379 2704 3445 prae—

669 3462 826 3527 hens
852 3465 1255 3552 diligentibus
1280 3466 1484 3554 ipsum
1508 3494 1527 3544 ς
1557 3491 1686 3534 non
1715 3482 1990 3559 quantus
2023 3480 2141 3543 est,
2168 3489 2319 3532 cum
2352 3465 2430 3531 sit
2458 3463 2708 3527 incom-

651 3561 1143 3658 ¹prehensibi11s3
1196 3572 1308 3636 sed
1355 3585 1665 3660 quantum
1705 3573 1792 3640 illi
1835 3596 2065 3663 capere
2096 3583 2392 3661 possunt;
2438 3577 2709 3655 propter

671 3673 945 3768 multum
968 3686 1032 3738 et
1061 3673 1799 3768 incomprehensibilem,
1825 3674 2042 3770 quoin
2073 3679 2245 3769 ipsos
2275 3676 2500 3747 fertur,
2535 3691 2715 3737 amo-

671 3798 827 3842 rem.

759 3875 873 3952 IX.
927 3881 1156 3990 Anima
1184 3885 1302 3958 Dei
1327 3874 1687 3983 dignatione
1710 3901 2076 3965 consecuta,
2103 3900 2179 3953 ut
2200 3885 2503 3952 virtutem
2533 3881 2714 3953 illam

739 4051 756 4077 ¹
786 4041 933 4095 Dent.
957 4059 1030 4105 Π,
1054 4043 1134 4105 24,
1153 4052 1203 4098 et
1225 4043 1382 4096 Hebr.
1416 4061 1507 4120 ιιι,
1537 4059 1620 4120 ²9.
1654 4070 1718 4083 —
1737 4056 1758 4081 ⁸
1786 4043 1953 4095 loon..
1978 4058 2055 4104 vu,
2076 4042 2157 4092 δι.
2182 4062 2246 4082 --
2268 4039 2293 4076 ⁸
2320 4033 2452 4088 lbid.
2470 4031 2557 4098 ⁴⁴0
