2982 4885
622 489 667 564 4
828 522 833 531 ·
1386 501 1615 553 aanor!
1664 499 1927 548 uacum

611 625 1031 707 suisset‚non
1048 620 1276 690 solum
1297 620 1751 714 ignominiam
1774 620 2086 690 criminis
2107 616 2236 689 sibi
2258 618 2428 693 falso
2451 623 2663 720 impo-

624 754 736 824 siti
765 751 1058 822 viriiiter
1093 736 1450 839 toleravit,
1489 747 1616 821 sed
1640 762 1711 817 et
1739 748 2042 843 indignae
2079 751 2388 821 mulieris
2415 749 2655 823 foetum

611 893 831 951 noctu
865 879 1135 977 diuque
1179 878 1506 949 manibus
1541 879 1904 974 operando
1952 894 2346 958 sustentare
2392 908 2655 979 procu-

612 1016 805 1084 ravit.
850 1009 1030 1081 Cum
1085 1022 1325 1079 autem
1383 1010 1613 1103 agnita
1683 1005 1835 1098 ejus
1884 1008 2284 1078 innocentia
2342 1024 2655 1082 tremen-

606 1141 767 1211 dam
813 1140 1024 1234 magis
1060 1139 1296 1233 gloriae
1331 1151 1403 1208 et
1445 1137 1734 1208 laudum
1776 1138 2057 1233 pondus
2090 1141 2534 1225 immineret,
2579 1144 2647 1212 in

611 1269 795 1343 Sceti
834 1271 1195 1373 desertum
1219 1321 1238 1355 ,
1296 1270 1584 1349 nesciri·³
1616 1290 1890 1356 amans,
1957 1268 2225 1364 aufugit
2283 1272 2464 1340 circa
2524 1295 2646 1340 an-

609 1428 781 1476 num
812 1376 1001 1473 σ331.
1048 1400 1190 1471 Sed
1236 1413 1428 1469 tanta
1466 1402 1684 1470 virtus
1729 1399 1851 1470 diu
1908 1401 2125 1472 latere
2172 1428 2316 1472 non
2366 1405 2639 1500 potuit,-

602 1536 794 1606 unde
839 1532 1369 1607 confluentibus
1411 1531 1499 1603 ad
1542 1557 1705 1602 eum
1749 1532 2070 1630 undique
2118 1534 2522 1632 discipulis,
2563 1550 2638 1605 ut

589 1667 741 1761 ejus
794 1665 1119 1735 doctrina
1169 1674 1243 1731 et
1281 1663 1622 1756 exemplis
1673 1666 2118 1735 sanctitatem
2151 1666 2630 1750 addiscerent,

587 1793 960 1893 presbyter
1026 1803 1480 1860 consecratus
1535 1802 1640 1860 est
1700 1791 1790 1861 ad
1843 1790 2063 1886 majus
2123 1795 2508 1864 crescentis
2562 1800 2635 1865 in

591 1923 743 1993 dies
797 1921 929 2017 piae
983 1916 1198 2013 hujus
1251 1919 1601 2015 societatis
1633 1923 2140 2012 commodum3
2186 1948 2353 2026 mox
2393 1937 2630 1995 autem

593 2063 785 2120 tanta
817 2033 1029 2118 evasit
1057 2047 1317 2118 deserti
1340 2050 1726 2122 incolarum
1766 2051 2188 2137 multitudo,
2217 2066 2295 2121 ut
2329 2067 2635 2148 quatuor

595 2173 965 2261 eeclesias,
1009 2175 1288 2248 addicto
1328 2180 1618 2279 singu-lis
1647 2205 1883 2251 earum
1923 2180 2323 2268 sacerdote,
2378 2184 2501 2278 qui
2532 2206 2631 2252 sa·

587 2331 709 2379 cra
740 2304 1023 2378 offerret
1053 2309 1411 2403 mysteria,
1447 2311 1716 2403 erigere
1747 2313 2219 2380 necessarium
2243 2310 2619 2381 videretur.

598 2430 626 2435 Ν
683 2436 892 2511 Juxta
931 2438 1288 2511 Socratem
1340 2474 1365 2502 ι
1394 2440 1689 2511 Illustris
1722 2434 2036 2510 fuit‘tum
2073 2456 2368 2537 propter
2412 2438 2630 2510 absti-

589 2579 616 2631 ι’
640 2572 949 2640 nentiam
980 2620 999 2656 ,
1032 2584 1181 2638 tum
1219 2569 1313 2638 ob
1350 2592 1581 2639 mores
1603 2582 1674 2637 et
1703 2571 2303 2648 conversationes,
2346 2584 2494 2640 tum
2532 2570 2625 2639 ob

591 2699 1011 2782 »miracuia,
1065 2722 1225 2793 quae
1278 2722 1408 2793 per
1463 2700 1615 2793 ejus
1664 2722 1910 2771 manus
1954 2698 2624 2796 perpetrabantur...

589 2813 1072 2899 »Tot-sanavit
1099 2841 1399 2922 aegrotos
1424 2879 1444 2911 ‚
1489 2842 1596 2899 tot
1623 2829 1945 2901 obsessos
1985 2855 2021 2901 a
2062 2829 2505 2901 daemonibus
2539 2831 2627 2900 li-

591 2956 901 3027 »beravit
928 3009 949 3042 ‚
992 2971 1070 3026 ut
1107 2981 1269 3052 quae
1318 2980 1445 3051 per
1495 2960 1783 3052 gratiam
1821 2958 1951 3028 Dei
1990 2960 2198 3054 gessit
2229 2972 2620 3054 separatum

589 3119 615 3154 ι
635 3113 812 3183 opus
845 3057 1348 3166 desiderarent.
1382 3088 1544 3159 Erat
1574 3115 1786 3185 porro
1812 3089 2236 3160 reverendus
2261 3092 2521 3185 pariter
2551 3101 2622 3159 et

582 3247 609 3279 ι
633 3240 915 3289 severus
942 3241 1102 3313 erga
1135 3219 1286 3288 iilos
1311 3221 1432 3313 qui
1459 3221 1689 3320 ipsum
1712 3218 2019 3289 adibant.
2049 3215 2351 3313 (Socrat.
2378 3217 2503 3291 lib.
2522 3241 2616 3288 xv.

586 3347 785 3444 n'cap.
840 3347 1007 3445 23.)
1064 3381 1087 3412 ι
1141 3347 1578 3420 Sozomenus
1627 3363 1860 3419 autem
1894 3373 1963 3418 :a
2001 3345 2340 3418 Macarius
2376 3345 2620 3440 AEg'yp·

581 3509 608 3542 ι
629 3482 764 3551 tius
796 3469 1148 3550 mortuum
1177 3480 1498 3551 ad-vitam
1528 3504 1883 3551 revocasse
1917 3480 2196 3570 dicitur,
2225 3494 2302 3550 ut
2333 3477 2611 3549 cuidam

579 3609 960 3681 »haeretico
992 3611 1443 3710 persuaderet
1477 3611 1783 3683 futuram
1822 3638 1972 3685 esse
2012 3625 2455 3685 mortuorum
2492 3633 2612 3679 re·-

575 3742 1150 3814 osurrectionem.
1208 3740 1395 3813 Vixit
1444 3742 1560 3812 hic
1604 3766 1825 3813 annos
1857 3744 2140 3814 circiter
2178 3741 2554 3833 nonaginta
2586 3788 2608 3820 ,

566 3904 593 3936 a
617 3895 705 3942 ex
742 3867 999 3967 quibus
1033 3873 1386 3966 sexaginta
1421 3871 1614 3967 degit
1648 3876 1720 3944 in
1758 3875 2142 3947 solitudine
2182 3896 2201 3941 ε
2244 3870 2366 3964 qui
2400 3867 2607 3938 simul

560 4015 819 4110 »atque
875 3999 1357 4097 philosophari
1409 4006 1732 4101 coepisset
1782 4059 1802 4091 ‚
1880 4001 2108 4075 adhuc
2191 4002 2265 4071 in
2318 3995 2605 4092 juvenili

406 4425 457 4450 ⁸¹·

208 4427 647 4782 *AN

594 4639 597 4650 .
