2982 4885
831 471 912 516 nn
958 468 1355 516 sunnon
1400 472 1649 518 unmts.
2136 454 2267 545 367

257 584 596 653 bominibus
641 583 889 655 Satanae
928 590 1328 675 operculum,
1364 590 1562 677 gratia
1600 592 1858 658 veniens
1891 617 2005 684 per
2031 616 2269 691 purga-

257 691 472 757 tionem
510 690 823 756 interioris
856 690 1131 757 hominis
1177 704 1241 758 et
1273 694 1541 769 mentis,
1585 693 1827 762 auferat
1871 700 2156 786 penitus,
2205 712 2273 765 et
2306 682 2311 687 .

257 818 426 862 omne
457 798 1031 885 inquinamentum,
1059 821 1445 886 omnemque
1478 801 1926 889 cogitationem
1961 804 2038 873 ab
2065 804 2273 870 'anima

254 914 509 976 everrat:
546 903 764 968 volens
797 902 969 967 illam
1001 925 1139 968 esse
1168 905 1474 970 mundam
1496 954 1515 980 ‚
1549 916 1613 969 et
1645 905 1967 993 propriam
1992 910 2274 997 recipere

255 1019 529 1072 naturam
551 1056 568 1082 ,
601 1009 1071 1098 perspicacibus
1105 1022 1169 1076 et
1202 1011 1379 1075 omni
1401 1010 1618 1076 liberis
1655 1009 2111 1101 impedimento
2141 1013 2274 1080 veri

201 1152 206 1161 ·
254 1110 497 1179 luminis
525 1116 875 1182 claritatem
900 1115 1371 1182 intuerioculis.
1402 1116 1535 1196 Qui
1557 1117 1711 1181 tales
1737 1131 1880 1185 sunt
1903 1118 2034 1205 jam
2058 1143 2135 1186 ex
2151 1120 2277 1189 hoc

254 1229 526 1308 tempore
559 1244 630 1287 ac
662 1222 803 1286 vitoe
835 1216 1016 1287 statti'
1036 1221 1098 1286 in
1124 1223 1280 1287 illud
1310 1223 1647 1310 rapiuntur
1669 1226 1967 1289 saeculum
1989 1274 2006 1301 ,
2043 1238 2108 1291 et
2135 1249 2276 1317 qua:

253 1323 332 1389 ibi
368 1340 516 1391 sunt
545 1326 1050 1415 pulchritudines
1074 1349 1145 1391 ac
1171 1330 1478 1394 miracula
1503 1340 1810 1416 spectant.
1843 1330 2281 1410 Quemadmo-

256 1430 399 1494 dum
436 1430 605 1496 enim
645 1453 988 1518 corporeus
1011 1434 1233 1497 oculus
1262 1435 1448 1521 plene
1480 1455 1670 1497 sanus
1698 1446 1762 1498 et
1783 1434 2022 1521 vigens,
2051 1436 2284 1500 solares

260 1538 554 1600 audacter
589 1534 840 1623 inspicit
877 1537 1120 1610 radios;
1153 1537 1241 1603 sic
1277 1550 1343 1604 et
1376 1538 1444 1604 hi
1488 1539 1698 1604 lucida
1732 1552 1979 1615 mente,
2014 1538 2292 1605 inacces—

257 1639 464 1705 sibiles
521 1639 887 1727 splendores
939 1640 1194 1706 Domini
1243 1666 1495 1732 semper
1547 1644 1875 1710 intuentur
1908 1667 1924 1708 ε
1964 1645 2045 1710 ad
2096 1667 2288 1732 quam

257 1754 443 1810 tantae
463 1762 824 1810 mensuram
852 1745 1211 1835 pertingere
1243 1747 1560 1815 felicitatis
1593 1749 1764 1815 haud
1801 1749 1984 1815 facile
2013 1748 2295 1814 homini-

261 1850 376 1917 bus
407 1863 503 1917 est
529 1874 545 1916 t
582 1854 694 1916 scd
722 1850 1048 1918 laboribus
1076 1855 1154 1918 ad
1184 1852 1305 1920 hoc
1332 1876 1494 1941 opus
1519 1866 1614 1919 est
1634 1855 1922 1944 plurimis
1940 1905 1957 1931 ,
1992 1854 2294 1921 certami-

260 1958 567 2045 nibusque
582 1970 645 2023 et
665 1958 1001 2023 sudoribus
1028 1958 1396 2025 innumeris·
1429 1960 1609 2027 Multi
1633 1960 1867 2051 quippe
1894 1948 2038 2029 sunt
2064 1950 2294 2051 quibus

261 2065 452 2151 gratia
487 2065 647 2130 inest
681 2064 938 2153 quidem
978 2064 1375 2153 operationes
1404 2066 1597 2131 etiam
1631 2068 1933 2154 quasdam
1961 2091 2104 2133 suas
2127 2091 2301 2133 exer-
2369 2134 2373 2138 ,

263 2174 412 2236 cens
445 2192 463 2236 t
497 2183 795 2234 caeterum
817 2170 907 2234 ita
930 2220 948 2245 ,
981 2182 1053 2233 ut
1078 2169 1266 2233 simul
1297 2192 1427 2233 nou
1462 2171 1624 2234 absit
1647 2171 1725 2234 ab
1751 2170 1823 2234 iis
1854 2172 2088 2236 malitia
2129 2172 2298 2238 intus

264 2272 489 2337 latens.
529 2272 751 2358 ltaque
783 2282 939 2334 tuuc
973 2272 1161 2335 ambo
1201 2272 1456 2356 spiritus
1480 2319 1499 2344 ,
1525 2271 1776 2336 lucidus
1807 2284 1871 2335 et
1894 2274 2300 2349 tenebrosus3

269 2374 335 2440 in
372 2397 502 2439 uno
542 2385 606 2439 et
640 2375 866 2438 eodem
917 2386 1263 2460 operantur
1307 2375 1521 2437 corde.
1581 2373 1774 2452 Quod
1810 2386 2024 2446 autem
2063 2373 2306 2439 dictum

271 2492 408 2545 est:
463 2508 488 2541 ι
514 2478 673 2558 Quae
700 2477 872 2543 enim
910 2477 1174 2543 societas
1200 2477 1325 2543 luci
1363 2479 1443 2541 ad
1473 2477 1796 2544 tenebras¹
1824 2477 1853 2543 1¹
1878 2506 1903 2539 »
1950 2479 2063 2554 Et,
2110 2506 2135 2539 ι
2172 2479 2310 2546 Lux

271 2589 382 2652 »ln
428 2587 706 2651 tenebris
751 2584 978 2650 lucet².
1008 2612 1033 2645 ι
1071 2583 1437 2671 similiaque
1463 2634 1482 2660 ,
1520 2584 1767 2650 divisim
1799 2606 1873 2650 ac
1908 2584 2305 2674 singillatim,

274 2712 402 2756 non
440 2689 860 2765 uniformiter,
901 2700 965 2755 et
1011 2689 1075 2753 in
1110 2689 1475 2754 universum
1521 2688 1888 2779 accipienda
1934 2702 2099 2756 sunt.
2148 2691 2309 2758 Nam

277 2793 344 2858 in
385 2805 630 2860 tantum
671 2794 925 2882 quidam
969 2795 1378 2882 acquiescunt:
1427 2794 1641 2882 gratiae
1686 2793 1840 2870 Dei,
1893 2793 1955 2859 in
2000 2809 2311 2883 quantum

279 2901 606 2966 continere
639 2884 704 2966 se
737 2901 903 2990 ipsos
926 2913 1189 2989 possunt
1211 2949 1230 2972 ,
1272 2911 1336 2964 et
1360 2923 1486 2965 non
1522 2898 1689 2964 vinci
1721 2900 1799 2964 ab
1826 2899 2218 2967 inhabitante
2251 2901 2315 2966 in

280 2989 428 3095 ipsis
472 3019 753 3095 peccato.
799 3007 910 3072 His
950 3006 1305 3094 contingit,
1357 3007 1514 3071 dum
1562 3007 1954 3073 constantius
1996 3007 2318 3075 interdum

282 3113 708 3201 attentiusque
755 3111 1022 3177 orationi
1083 3123 1312 3176 vacant
1343 3160 1360 3186 ,
1427 3124 1499 3176 ut
1551 3111 1763 3199 quiete
1808 3112 2316 3200 perfundantur-3

282 3230 497 3304 postea
523 3231 734 3283 tamen
760 3218 1157 3284 sordidarum
1189 3216 1648 3306 cogitationum
1681 3215 1953 3282 insultus
1972 3218 2133 3304 pati;
2168 3215 2321 3301 quin

284 3334 351 3387 et
382 3347 412 3388 a
440 3325 820 3412 subrepente
842 3324 1060 3388 furtim
1088 3323 1313 3388 incessi
1338 3335 1639 3410 peccato;
1668 3333 1982 3410 praesente
2012 3320 2328 3385 nihilomi-

287 3451 409 3494 nus
429 3430 558 3518 ipsa
589 3449 842 3515 quoque
867 3427 1083 3514 gratia.
1114 3425 1408 3489 Leviores
1437 3426 1628 3510 igitur
1654 3438 1719 3490 et
1741 3426 1952 3488 minus
1978 3422 2180 3498 cauti,
2211 3446 2328 3491 nec

293 3537 440 3599 satis
474 3535 925 3623 intelligentes,
962 3540 1274 3616 quatenus
1307 3526 1371 3588 in
1406 3525 1554 3611 ipsis
1586 3529 1818 3611 polleat
1853 3527 2062 3593 divina
2097 3528 2324 3616 gratia,

296 3651 536 3704 temere
561 3642 865 3710 credunt,
891 3636 1080 3722 plane
1102 3632 1233 3719 jam
1271 3628 1760 3695 exterminatum
1796 3654 1932 3696 esse
1968 3644 2323 3719 peccatum.

296 3742 384 3811 At
418 3741 675 3807 discreti
707 3754 771 3808 et
815 3761 960 3804 vere
993 3738 1336 3828 prudentes
1372 3757 1592 3802 rerum
1615 3783 1634 3812 ,
1676 3757 1807 3801 non
1843 3735 2063 3826 utique
2095 3735 2336 3806 inficias

374 3938 390 3965 ¹
421 3923 588 3984 ⁸001·-
612 3938 682 3981 vn.
707 3922 909 3984 ι4·-·
937 3913 1083 3976 ὅσοι).
1113 3933 1222 3982 ιη.
