2982 4885
647 556 769 622 ¹72
1309 553 1358 595 s.
1414 552 1680 601 uacum
1724 555 1993 603 actm-11

635 668 1058 758 cogitationes.
1091 666 1219 735 Nisi
1257 667 1467 744 enim,
1502 683 1573 736 ut
1602 672 2040 759 praediximus,
2077 671 2444 741 dimicando
2467 678 2671 748 abne-

630 774 867 862 gaverit
897 775 1238 848 mundum,
1271 786 1336 839 et
1356 775 1702 863 expedierit
1733 800 1799 842 se
1832 778 2039 866 ipsum
2071 801 2107 843 e
2132 781 2398 846 terrenis
2425 784 2666 871 cupidi-

630 878 865 942 tatibus
896 901 972 943 ex
1004 890 1136 942 toto
1175 881 1373 945 corde
1402 929 1420 956 ,
1465 892 1760 970 totusque
1790 882 2051 948 omnino
2081 885 2354 950 Domino
2394 888 2667 975 aggluti-

630 982 767 1048 nari
786 984 1077 1060 voluerit,
1113 1006 1239 1049 non
1275 999 1626 1072 cognoscet
1643 991 2042 1055 occultorum
2060 990 2396 1079 spirituum
2420 993 2668 1058 malitiae

629 1087 1094 1176 deceptionem,
1113 1101 1300 1176 atque
1311 1093 1595 1158 occultas
1612 1095 1865 1161 malitiae
1881 1095 2272 1171 affectiones:
2293 1099 2403 1164 scd
2418 1109 2513 1163 est
2525 1098 2644 1164 alie
2661 1136 2671 1150 ·

630 1216 749 1259 nus
770 1194 1040 1285 sibiipsi,
1065 1208 1134 1261 ut
1156 1197 1409 1284 quinon
1427 1215 1771 1288 cognoscat
1789 1204 2066 1280 vulnera,
2102 1216 2289 1293 atque
2308 1204 2666 1271 affectiones

630 1298 859 1375 habeat
879 1305 1191 1384 occultas,
1207 1304 1309 1369 vel
1324 1303 1617 1394 ignorans
1633 1330 1649 1370 ε
1670 1307 1879 1374 adhuc
1894 1309 2066 1374 enim
2082 1310 2271 1376 rebus
2284 1311 2551 1378 externis
2570 1313 2670 1376 de·

629 1405 799 1472 ditus
824 1419 943 1483 est,
965 1421 1154 1498 atque
1171 1408 1599 1496 hujusmundi
1621 1413 2148 1503 occupationibus
2159 1416 2374 1481 volens
2391 1428 2662 1482 tenetur.

720 1511 793 1577 V.
849 1512 976 1593 Qui
1015 1516 1186 1582 enim
1225 1517 1464 1583 mundo
1498 1540 1719 1585 revera
1769 1520 2081 1612 abnegato
2129 1520 2551 1596 dimicaverit,
2596 1542 2668 1585 ac

629 1619 877 1716 pondus
909 1632 1234 1688 terrenum
1269 1646 1302 1689 a
1329 1647 1397 1690 se
1426 1626 1774 1714 projecerit
1803 1651 1877 1694 ac
1910 1650 1942 1692 a
1978 1628 2150 1693 vanis
2174 1627 2666 1716 cupiditatibus,

630 1744 701 1786 ac
737 1727 1164 1812 voluptatibus
1197 1729 1444 1803 carnis,
1485 1732 1753 1818 gloriae,
1788 1732 2209 1817 principatus,
2247 1744 2313 1795 et
2350 1733 2674 1798 honorum

628 1825 1054 1892 humanorum
1092 1849 1159 1890 se
1191 1828 1399 1915 ipsum
1429 1832 1825 1919 expedierit,
1864 1842 2054 1914 atque
2092 1853 2169 1894 ex
2200 1841 2333 1894 toto
2378 1837 2576 1900 corde
2610 1855 2680 1899 se

630 1930 838 2019 ipsum
886 1929 1284 2002 avocaverit,
1333 1943 1751 2020 posteaquam
1798 1932 1862 1995 in
1893 1931 2026 1995 boc
2070 1942 2287 2019 aperto
2321 1936 2689 2003 certamine

628 2035 935 2103 Dominus
980 2046 1223 2099 secreto
1255 2034 1582 2123 suppetias
1611 2034 1737 2099 sert
1770 2082 1789 2109 ,
1824 2054 1939 2121 pro
1970 2035 2161 2099 modo
2191 2035 2534 2116 voluntatis
2569 2039 2685 2106 ab·

627 2127 912 2227 negantis
943 2141 1252 2205 mundum
1284 2162 1300 2203 :
1341 2151 1532 2225 atque
1570 2140 1676 2205 ille
1710 2132 2056 2230 perstiterit
2085 2141 2149 2206 in
2181 2141 2357 2206 cultu
2384 2137 2671 2221 Domini,

628 2266 700 2313 ac
720 2256 892 2312 totus
916 2244 1174 2312 omnino
1188 2291 1209 2322 ,
1246 2264 1517 2331 corpore
1541 2244 1803 2333 inquam
1829 2259 1894 2311 et
1925 2246 2129 2311 anima
2146 2293 2165 2321 ,
2191 2247 2666 2335 perduraverit3

628 2350 734 2418 ille
762 2375 907 2418 vero
937 2348 1171 2436 reperit
1213 2350 1732 2441 repugnantiam,
1787 2349 2156 2418 affectiones
2203 2352 2528 2425 occultas,
2574 2354 2670 2417 la-

626 2478 817 2545 queos
848 2452 1227 2547 invisibiles,
1260 2455 1501 2522 bellum
1526 2458 1886 2532 occultum,
1924 2469 2270 2523 certamen
2281 2468 2473 2543 atque
2500 2479 2668 2545 pug-

626 2582 771 2628 nam
807 2559 1145 2629 internam.
1185 2562 1402 2650 Atque
1432 2562 1525 2626 sic
1559 2561 1766 2627 Deum
1795 2562 2137 2627 obsecrans
2160 2561 2392 2649 accipit
2424 2563 2668 2628 coelitus

534 2652 543 2663 ’
626 2686 797 2730 arma
831 2665 1146 2754 Spiritus,
1202 2689 1343 2753 quae
1377 2666 1697 2732 recensuit
1732 2667 1956 2743 beatus
1985 2665 2384 2755 Apostolus.
2437 2693 2463 2728 ι
2497 2666 2668 2735 'rho-

624 2795 651 2830 ι
670 2792 882 2837 racem
899 2770 1193 2861 justitias,
1221 2773 1468 2859 galeam
1495 2770 1782 2836 salutaris
1802 2819 1819 2845 ,
1841 2782 2096 2836 scutum
2114 2770 2287 2849 fidei,
2314 2781 2378 2837 et
2393 2772 2666 2861 gladium

626 2903 653 2938 ι
671 2874 942 2965 Spiritus
964 2876 1011 2941 ¹.
1052 2903 1077 2936 ι
1124 2874 1376 2955 Quibus
1401 2875 1595 2942 armis
1619 2875 1985 2943 succinctus
2016 2890 2183 2943 stare
2214 2888 2424 2965 potest
2454 2878 2667 2943 adver·

626 3004 731 3048 sus
755 2982 1037 3048 occultas
1059 2981 1323 3046 technas
1340 2979 1576 3046 diaboli
1606 2980 1857 3046 malitiis
1882 2980 2386 3048 imminentibus.
2418 2981 2667 3062 Quibus

622 3086 818 3151 armis
867 3086 1042 3151 omni
1084 3085 1371 3160 oratione
1402 3134 1420 3160 ,
1470 3086 1979 3176 perseveratione
1999 3136 2016 3162 ,
2061 3086 2506 3153 obsecratione
2531 3107 2670 3165 ,ac

624 3189 907 3279 jejunio,
958 3191 1086 3257 imo
1126 3215 1276 3259 vero
1316 3215 1431 3280 per
1476 3190 1671 3258 fidem
1702 3193 2061 3282 acquisitis,
2097 3194 2341 3259 bellum
2375 3192 2670 3258 adversus

625 3298 1017 3388 principatus
1050 3321 1125 3365 ac
1154 3311 1498 3388 potestates
1519 3349 1538 3376 ,
1576 3323 1650 3367 ac
1683 3286 1959 3367 rectores
1991 3299 2215 3389 mundi
2248 3294 2469 3389 gerere
2489 3310 2672 3388 pote-

630 3396 711 3472 rit
747 3427 764 3469 t
807 3405 1027 3491 sicque
1059 3403 1324 3473 devictis
1367 3402 1739 3472 adversariis
1767 3405 2219 3495 potestatibus,
2257 3403 2570 3472 beneficio
2608 3416 2674 3470 et

618 3496 858 3577 'auxilio
912 3509 1184 3630 Spiritus
1221 3559 1240 3586 ,
1293 3512 1681 3601 proprioque
1728 3508 2034 3578 virtutum
2084 3511 2372 3577 omnium
2422 3509 2665 3583 studio,

629 3626 881 3681 eternas
912 3613 1058 3680 vitae
1091 3615 1331 3704 dignus
1349 3615 1495 3693 fiet,
1529 3613 1887 3706 glorificans
1916 3616 2207 3693 Patrem,
2239 3629 2305 3682 et
2323 3612 2582 3689 Filium,
2607 3624 2675 3686 ot

631 3716 940 3809 Spiritum
987 3733 1316 3798 sanctum3
1368 3722 1475 3790 cui
1525 3721 1608 3792 sit
1633 3720 1850 3809 gloria
1882 3733 1950 3790 et
1986 3720 2266 3813 potentia
2311 3719 2379 3788 iu
2415 3719 2664 3787 saecula.

633 3823 864 3892 Amen.

704 3972 929 4042 ’Ephem
953 3990 1025 4039 vn,
1053 3975 1131 4037 ιζ.
