2982 4885
524 481 656 550 326
1204 503 1251 548 s.
1304 501 1571 548 naman
1617 505 1886 549 murm-11

524 620 1045 696 nibus·studens;
1092 622 1205 685 sed
1235 620 1587 686 debitorem
1615 645 1678 686 se
1715 646 1829 710 per
1858 619 2066 685 onmia
2103 619 2408 706 reputans
2440 620 2563 686 mi-

525 722 766 814 nisterii
791 726 855 792 in
887 726 1194 792 charitate
1217 740 1280 792 et
1310 728 1710 816 simplicitate
1743 727 2039 792 fratribus
2061 721 2423 792 exhibendi.

616 831 729 898 IX.
783 831 1157 920 Praepositos
1206 831 1611 897 fraternitatis
1643 883 1659 906 ,
1716 833 1890 922 operi
1952 854 2178 918 magno
2230 831 2518 897 admotos
2540 883 2560 908 ,

531 938 829 1004 adversus
860 950 1080 1002 contra
1116 935 1434 1002 molientis
1474 939 1730 1003 malitiae
1769 936 2030 1002 artificia
2081 936 2403 1001 decertare
2447 961 2566 1024 per

533 1043 959 1112 humilitatem
984 1055 1235 1132 oportet
1256 1091 1274 1118 ,
1303 1065 1383 1108 ne
1412 1043 1564 1108 vitio
1596 1043 1943 1131 superbias,
1979 1053 2050 1105 ut
2081 1040 2143 1104 in
2168 1040 2388 1106 fratres
2413 1039 2558 1129 ipsis
2673 1101 2686 1112 ,

535 1151 823 1216 subditos
862 1150 1298 1225 dominantes,
1338 1150 1477 1215 vice
1507 1150 1666 1215 lucri
1704 1146 1994 1223 maximi,
2041 1145 2342 1211 damnum
2385 1147 2567 1212 nobis

536 1256 688 1346 ipsis
719 1277 1153 1345 procuremus.
1197 1255 1325 1321 Sed
1353 1268 1425 1320 ut
1448 1255 1890 1320 misericordes
1921 1265 2131 1342 patres
2152 1303 2168 1328 ,
2202 1252 2429 1340 quique
2461 1273 2566 1340 po-

539 1363 668 1428 tius
690 1375 955 1452 propter
979 1362 1187 1427 Deum
1227 1377 1291 1426 se
1320 1360 1695 1446 il-aternitati
1725 1362 1802 1424 ad
1827 1359 2254 1431 serviendum,
2288 1378 2569 1446 corpora-

542 1470 691 1534 liter
721 1481 787 1533 et
816 1468 1224 1556 spiritualiter
1247 1467 1626 1543 dediderint,
1654 1485 1875 1531 eorum
1895 1451 2108 1528 ⁴‘utDei
2136 1461 2407 1527 liliorum
2441 1457 2573 1524 dili-

544 1588 803 1661 gentem
830 1576 892 1640 in
916 1575 1212 1640 omnibus
1238 1585 1454 1640 cut-arn
1481 1579 1701 1664 gerant
1729 1599 1746 1648 ς
1776 1573 2093 1660 arguendo
2118 1569 2226 1633 ubi
2256 1565 2577 1639 convenit,

547 1678 663 1743 nbi
698 1689 948 1768 oportet
984 1682 1406 1752 consoland03
1451 1700 1532 1742 ne
1580 1679 1846 1741 obtentu
1886 1673 2258 1739 humilitatis
2308 1684 2373 1737 et
2414 1692 2584 1735 man·

550 1781 902 1849 suetudinis
960 1784 1025 1845 in
1090 1783 1457 1845 confusione
1518 1779 1898 1844 monasteria
1961 1778 2085 1840 sint
2125 1801 2146 1848 ς
2229 1775 2589 1862 congruum

552 1887 842 1950 ordinetn
879 1883 1349 1968 praesidentium
1381 1893 1446 1945 et
1482 1881 1920 1966 subjectorum
1962 1890 2087 1943 no‘n
2127 1880 2439 1943 servantia
2471 1905 2487 1952 ς
2531 1881 2591 1944 in

552 1989 801 2053 secreto
832 1997 1043 2050 autem
1074 1985 1303 2049 mentis
1333 1993 1544 2050 servos
1579 1984 1868 2073 indiguos
1895 1985 2180 2048 omnium
2217 1984 2494 2048 srat'rum
2528 1983 2591 2051 ’δὲ

558 2092 723 2176 ipsos
760 2100 1123 2175 reputantes
1154 2114 1173 2164 3
1221 2102 1408 2177 atque
1444 2103 1517 2156 ut
1547 2090 1700 2156 boni
1736 2088 2057 2180 paedagogi
2082 2139 2098 2164 ,
2135 2088 2366 2175 quibus
2409 2089 2590 2179 spiri-

556 2195 761 2258 tuales
793 2192 907 2259 filii
944 2183 1290 2260 concrediti
1331 2205 1502 2270 sunt,
1538 2211 1686 2259 cum
1719 2195 1892 2259 omni
1930 2195 2372 2260 benevolentia
2396 2207 2457 2259 et
2480 2197 2588 2261 Dei

559 2299 791 2366 timore
815 2317 1335 2393 unumquemque
1358 2287 1621 2366 statrum
1641 2305 2016 2388 promovere
2042 2300 2122 2364 ad
2145 2303 2331 2365 om‘ne
2355 2299 2588 2365 bonum

567 2409 931 2482 studentes}
964 2413 1097 2473 'uon
1124 2405 1348 2495 ignari,
1381 2423 1675 2495 magnam
1707 2405 1854 2494 ipsis
1887 2407 1951 2471 'et
1983 2404 2478 2484 inamissibilem,
2511 2407 2593 2471 la-

571 2514 872 2602 borisque
902 2513 1214 2601 quantivis
1255 2514 1666 2580 excedentem
1707 2512 2046 2588 meritum,
2090 2510 2430 2601 repositam
2466 2508 2591 2577 csse

572 2620 960 2683 mercedem.
2223 2636 2236 2646 ·

661 2721 745 2785 X.
806 2722 884 2784 Ut
929 2721 1036 2805 qui
1076 2742 1294 2783 curam
1329 2722 1679 2809 suscipiunt
1712 2718 2132 2812 regendorum
2172 2734 2237 2788 et
2276 2722 2600 2787 instituen-

576 2818 1331 2900 dorum'adoles'centtim,
1360 2834 1517 2911 quos
1543 2828 1849 2915 contingit
1872 2828 2206 2916 aliquando
2229 2842 2292 2893 ct
2321 2829 2603 2917 proprios

578 2928 859 3016 ipsorum
886 2948 1021 2992 esse
1045 2929 1372 3005 dominos3
1406 2942 1615 2996 tamen
1643 2934 1713 2996 iit
1743 2930 2070 3022 'disciplina
2097 2956 2200 2999 eos
2223 2930 2453 2995 salubri
2477 2932 2602 2992 im-

581 3034 812 3105 buant,
860 3042 925 3095 et
965 3042 1177 3097 mo'res
1218 3035 1497 3121 ipsorum
1548 3036 1846 3102 honestos
1893 3038 2197 3109 forment,
2242 3057 2363 3099 non
2403 3026 2605 3097 cti‘nc'-

583 3148 799 3202 tantur
827 3152 937 3201 eos
976 3136 1295 3205 interdum
1324 3141 1518 3227 plagis
1543 3141 1729 3204 ‘etiam
1754 3158 1981 3231 magna
2003 3142 2284 3209 libertate
2305 3135 2612 3227 impesitis

584 3243 935 3331 castigare3
984 3242 1074 3332 sic
1120 3250 1368 3331 oportet
1397 3256 1461 3307 et
1513 3245 1918 3332 praepositos»,
1964 3268 2092 3314 non
2131 3247 2239 3311 irae
2281 3238 2620 3334 perturba-

584 3348 792 3425 tione,
835 3361 941 3414 aut
972 3349 1137 3414 fastu
1170 3348 1477 3437 superbiae
1502 3398 1519 3424 ,
1559 3356 1763 3439 neque
1802 3354 1872 3418 ut
1904 3364 1968 3418 se
2004 3356 2166 3443 ipsos
2207 3344 2617 3425 ulciscentes,

585 3453 838 3518 allicere
862 3468 1046 3542 poena
1079 3454 1302 3518 mei-ita
1332 3472 1438 3519 eos
1464 3458 1542 3520 ex
1580 3454 1918 3533 fratribi1s,
1953 3456 2060 3545 qui
2099 3456 2491 3523 ‘correctione
2515 3452 2622 3516 id-

587 3558 805 3645 digent
851 3560 1108 3646 aliqua:
1162 3568 1381 3626 verum
1431 3560 1496 3627 id
1548 3563 1780 3629 faciant
1827 3549 2113 3652 benignis
2169 3552 2502 3627 visceribus
2555 3560 2628 3620 et.

586 3666 852 3753 scopum
898 3664 1214 3731 intuentes
1251 3682 1451 3733 unum
1484 3668 1824 3757 spiritualis
1866 3666 2147 3759 ipsorum
2179 3660 2506 3737 utilitatis,
2554 3658 2633 3726 ht

588 3776 933 3858 operentur
967 3768 1242 3859 ipsorum
1270 3774 1769 3839 conversionem.

673 3873 788 3942 XI.
843 3875 1041 3965 Multo
1070 3879 1306 3953 studio,
1335 3879 1769 3956 contentione,
1793 3900 1973 3957 cura,
2002 3893 2068 3947 et
2098 3879 2454 3945 certamine
2481 3896 2638 3965 pos—

590 3978 830 4049 sumus
864 3980 1237 4050 charitatem
1290 3984 1354 4052 in
1404 3984 1612 4051 Deum
1666 3984 2035 4073 acquirere,
2092 3982 2293 4074 gratia
2347 3995 2412 4047 et
2459 3974 2630 4045 dono
