2982 4885
1115 462 1372 511 nomm
1416 463 1556 512 xxx.
2230 448 2361 514 ηδ

322 598 424 650 tus
451 582 671 649 corde.
682 580 810 664 Qui
829 579 1198 668 hujusmodi
1228 582 1650 648 intentionem
1669 580 2365 671 suscipiunt‚studium‚

326 689 642 764 laborem,
677 707 751 751 ac
790 683 1176 751 desiderium
1209 685 1484 761 virtutis,
1514 696 1581 750 et
1619 685 1698 751 ad
1742 682 1935 750 finem
1969 685 2262 774 usquein
2293 708 2373 754 eo

327 804 704 884 permanent
727 842 745 868 ,
779 792 1067 857 vitamet
1101 813 1371 880 reguum
1407 801 1722 857 aeternum
1753 813 1905 857 vere
1931 792 2233 881 consequi
2254 816 2376 884 po-

330 911 564 965 terunt.
601 897 692 966 Ne
710 896 899 985 igitur
927 895 1068 984 quis
1096 894 1366 963 fratrum
1389 898 1730 963 extollatur
1761 896 2059 963 adversus
2086 896 2375 977 fratrem.

329 1027 451 1071 nec
512 1005 592 1071 ad
627 1004 1027 1092 arrogantem
1078 1002 1173 1067 sui
1231 1001 1766 1068 existimationem
1821 1000 2153 1091 procedat,
2182 1024 2217 1067 a
2247 1027 2379 1070 ma·-

329 1111 460 1178 litia
507 1109 883 1198 subreptus,
920 1107 1212 1196 inquiens
1271 1129 1503 1197 nempe
1531 1130 1547 1173 ε
1571 1106 1742 1194 «Ego
1776 1106 2018 1172 donum
2053 1106 2376 1196 spirituale

332 1218 715 1282 consecutus
736 1220 878 1281 sum
901 1215 917 1278 1
937 1243 963 1277 ι
991 1215 1133 1283 Non
1164 1214 1336 1281 enim
1366 1218 1554 1281 decet
1589 1212 1981 1280 Christianos
2023 1213 2162 1281 haec
2209 1216 2377 1306 cogi-

297 1334 496 1386 ·tare.
545 1321 721 1401 Quid
757 1321 929 1386 enim
970 1320 1243 1386 crastina
1289 1322 1400 1388 lux
1441 1319 1535 1386 illi
1579 1320 1845 1385 allatura
1889 1319 1966 1385 sit
1998 1320 2285 1410 ignoras:
2313 1335 2382 1389 et

340 1424 482 1511 quis
511 1423 656 1489 finis
677 1416 841 1511 ejus,
863 1425 1080 1510 quisve
1103 1418 1248 1490 tuus
1269 1425 1524 1490 futurus
1546 1424 1650 1500 sit,
1677 1423 1902 1491 nescis.
1934 1424 2173 1492 Verum
2207 1428 2384 1513 quis-

347 1551 476 1615 que
508 1527 972 1603 sibi'attendat,
1013 1538 1081 1593 et
1106 1527 1430 1616 propriam
1454 1526 1911 1594 conscientiam
1932 1528 2182 1595 assidue
2215 1529 2387 1618 diju-

337 1633 535 1711 dicet,
574 1653 649 1711 ac
681 1631 908 1721 probet
936 1654 1096 1722 opus
1118 1631 1329 1697 cordis
1346 1633 1467 1709 sui,
1499 1656 1626 1720 quo
1651 1633 1885 1708 studio,
1920 1656 2126 1722 quove
2151 1649 2385 1701 conatu

329 1758 520 1803 mens
552 1756 670 1801 sua
693 1733 899 1799 Deum
929 1747 1348 1823 prosequatur
1374 1758 1391 1800 ε
1419 1749 1485 1821 et
1514 1740 1595 1801 ad
1626 1737 1980 1825 perfectum
2017 1760 2285 1826 scopum
2315 1739 2386 1806 li·-

317 1840 624 1916 ffiertatis,
661 1851 725 1903 et
756 1837 1164 1904 affectionum
1195 1838 1549 1915 vacuitatis,
1579 1853 1767 1929 atque
1789 1840 2018 1926 quietis
2041 1840 2381 1930 spiritualis

346 1944 703 2019 collimans,
730 1943 887 2009 citra
918 1965 1175 2010 omnem
1199 1944 1735 2012 intermissionem
1767 1967 1841 2010 ac
1874 1947 2203 2035 segnitiem
2240 1968 2379 2013 cur-

354 2063 481 2124 rat,
507 2050 573 2115 in
596 2051 772 2115 nullo
787 2049 1161 2115 charismate
1175 2062 1284 2115 aut
1303 2049 1753 2136 justificatione
1768 2055 2077 2118 collocata
2113 2050 2367 2121 fiducia.

348 2154 567 2221 Gloria
606 2166 671 2219 et
702 2155 983 2220 adoratio
1013 2156 1208 2231 Patri,
1236 2166 1302 2220 et
1321 2154 1507 2233 Filio,
1542 2167 1609 2223 et
1636 2154 1899 2244 Spiritui
1927 2168 2145 2222 sancto
2177 2158 2239 2222 in
2272 2181 2380 2223 sae-

354 2263 517 2325 cula.
541 2259 768 2324 Amen.

344 2501 956 2534 Mmmmsss
1232 2497 2055 2533 ΜΜΜΜΜΜΜ
2062 2499 2384 2530 mmm

1030 2691 1426 2763 HOMILIA
1469 2687 1698 2764 XXX.

347 2931 469 3001 Ex
516 2926 777 3025 Spiritu
823 2935 1069 2993 sancto
1125 2925 1413 2991 renasci
1462 2899 1746 3018 oportet
1788 2927 2114 2995 animam
2139 2977 2161 3010 ,
2215 2950 2380 3023 quae

409 3066 708 3138 regnum
738 3040 882 3111 Dei
909 3043 1308 3133 ingressura
1333 3052 1463 3124 est,
1499 3053 1570 3108 ec
1588 3063 1726 3136 quo
1733 3055 1964 3136 pacto
1998 3041 2312 3135 hoc-fiat.

427 3288 477 3355 1.
532 3286 660 3367 Qm
696 3282 963 3370 verbum
1012 3280 1302 3355 audiunt,
1348 3275 1512 3368 opus
1558 3278 1736 3345 verbi
1795 3280 1859 3344 in
1913 3282 2041 3344 suis
2088 3280 2369 3367 ipsorum

338 3393 560 3460 animis
601 3395 1037 3458 demonstrare
1081 3387 1334 3450 debent.
1393 3382 1679 3446 Verbum
1723 3380 1894 3447 enim
1939 3381 2058 3448 Dei
2106 3383 2367 3453 nonest

340 3500 635 3571 otiosum,
672 3497 782 3561 sed
816 3513 978 3582 opus
1004 3489 1221 3557 habet.
1249 3485 1424 3567 quod
1452 3483 1517 3545 in
1542 3485 1748 3549 anima
1782 3485 2146 3573 perficitur:
2172 3505 2371 3580 prpp-

343 3613 516 3664 terea
556 3602 724 3664 enim
766 3620 924 3687 opus
973 3590 1344 3681 appellatur,
1396 3596 1469 3648 ut
1512 3606 1672 3674 opus
1715 3609 1973 3675 quoque
2017 3589 2374 3660 inveniatur

315 3702 515 3792 „apud
546 3724 676 3775 eos,
708 3703 816 3786 qui
855 3699 1136 3763 audiunt.
1173 3692 1482 3758 Exhibeat
1512 3690 1703 3779 igitur
1728 3691 2037 3757 Dominus
2068 3715 2227 3783 opus
2258 3719 2370 3763 ve-

346 3806 547 3875 ritatis
596 3801 1020 3872 audientibus,
1066 3805 1154 3864 ut'
1182 3797 1447 3863 verbum
1491 3796 1891 3862 fructuosum
1923 3797 2273 3887 reperiatur
2304 3802 2372 3870 in

343 3912 547 3989 nobis.
600 3905 868 3974 Perinde
913 3903 1084 3971 enim
1114 3926 1184 3971 ac
1217 3903 1442 3971 umbra
1486 3900 1793 3992 praecedit
1827 3923 2095 3994 corpus;
2140 3910 2369 3979 umbra

566 4052 780 4109 μνιιι,
2068 4030 2144 4106 15
