2982 4885
1059 449 1625 511 novarensium.
2232 442 2356 531 431

329 568 561 657 frater,
605 579 992 675 collaudavit
1029 603 1181 660 eos,
1225 604 1511 649 vocans.
1552 585 1869 672 Apostoli,
1910 587 2145 664 sancti,
2187 588 2358 675 justi.

330 678 495 751 Tum
534 686 682 753 adiit
727 710 943 752 senem
992 687 1322 777 dixitque·
1362 688 1664 755 Laudari.
1722 692 1836 755 Ille
1889 692 1993 758 ci·
2030 694 2202 761 Nihil
2253 696 2367 761 tibi

333 790 848 899 responderunt?
896 794 1166 860 Frater·
1225 796 1412 871 Nullo
1450 798 1667 862 modo,
1718 799 1901 865 Tunc
1947 823 2135 867 senex
2178 801 2363 883 infit:

327 882 524 981 Nosti
550 901 801 986 quantis
852 924 961 965 eos
1008 901 1409 967 contumeliis
1465 901 1788 983 affeceris
1843 925 1963 969 nec
2025 906 2369 999 quidquam

334 1017 750 1090 reposuerunt
788 1006 950 1085 tihi3
996 1019 1060 1072 et
1097 1007 1351 1107 quantis
1390 1009 1648 1073 cosdem
1690 1006 1982 1103 laudibus
2018 1014 2366 1095 ornaveris,

333 1108 614 1197 nihilque
651 1112 729 1175 ad
757 1123 821 1177 te
845 1098 1160 1202 prolocuti
1186 1125 1367 1178 sunt.
1398 1113 1483 1178 ita
1510 1111 1700 1181 etiam
1728 1125 1822 1188 tu,
1849 1113 1899 1178 si
1923 1117 2185 1181 salutem
2218 1139 2374 1183 con-

335 1215 510 1301 sequi
535 1217 884 1292 desideras,
912 1233 1200 1284 mortuus
1233 1218 1383 1293 fias3
1421 1241 1541 1283 nec
1576 1218 1837 1304 injurias
1859 1221 2221 1300 hominum,
2247 1248 2367 1290 nec

332 1320 551 1386 laudes
575 1346 798 1407 eorum
824 1323 1084 1412 cogites,
1104 1326 1301 1392 instar
1323 1338 1751 1398 mortuorum,
1793 1327 1883 1419 sic
1905 1329 2141 1418 poteris
2164 1332 2370 1395 salvus

299 1488 306 1497 ,
337 1419 494 1488 fieri.
1073 1496 1090 1507 ι
1916 1504 1928 1527 ⁶

357 1518 366 1523 ’
424 1525 662 1615 XXIV„
691 1529 1063 1597 Praeteriens
1089 1534 1425 1621 aliquando
1449 1533 1665 1600 Abbas
1688 1533 1999 1603 Macarius
2023 1557 2136 1623 per
2149 1535 2376 1627 AEgyp·

339 1642 474 1697 tum
513 1657 637 1699 una
677 1658 824 1701 cum
867 1637 1204 1717 fratribus,
1253 1641 1498 1707 audivit
1546 1663 1822 1728 puerum
1873 1641 1958 1729 ita
2013 1639 2203 1729 matri
2249 1662 2376 1706 suae

338 1739 705 1827 loquentem
735 1765 749 1805 :
786 1742 1010 1819 Mater,
1048 1744 1303 1837 quidam
1334 1745 1507 1833 dlves
1542 1745 1742 1833 diligit
1787 1767 1926 1819 me,
1961 1758 2026 1809 et
2057 1746 2161 1809 odi
2196 1767 2377 1817 οιιιιις

339 1865 581 1933 pauper
610 1868 758 1910 vero
790 1847 921 1910 odit
945 1870 1080 1923 me,
1111 1871 1183 1912 ac
1217 1872 1363 1914 eum
1401 1850 1614 1937 diligo,
1659 1850 1806 1928 Quo
1839 1849 2055 1913 audito
2088 1866 2379 1911 sermone

342 1950 684 2015 admiratus
708 1963 802 2017 est
819 1950 1032 2017 Abbas
1055 1953 1384 2019 Macarius.
1419 1954 1658 2023 Dicunt
1679 1955 1736 2018 ei
1760 1955 2024 2039 fratres:
2056 1953 2229 2043 Quid
2255 1952 2377 2016 hoc

323 2053 516 2139 ‘verbi
548 2068 673 2131 est,
709 2068 912 2146 paler,
938 2060 1111 2147 quod
1142 2059 1406 2124 affectus
1427 2059 1511 2124 sis
1540 2059 1999 2127 admiratione?
2027 2057 2383 2145 Respondit

343 2159 462 2225 illis
507 2184 741 2227 senex:
781 2163 1022 2251 Revera
1070 2164 1381 2229 Dominus
1425 2176 1642 2228 noster
1689 2164 1860 2227 dives
1906 2174 2001 2227 est
2057 2163 2385 2251 diligitque

346 2289 492 2340 noso,
530 2288 648 2329 nec
674 2268 965 2330 volumus
995 2267 1083 2331 illi
1108 2269 1581 2355 obtemperare3
1610 2268 1908 2339 inimicus
1936 2280 2145 2330 autem
2172 2280 2386 2333 noster

348 2368 636 2433 diabolus
657 2390 899 2460 pauper
925 2381 1051 2445 est,
1081 2370 1355 2464 odioque
1378 2392 1493 2437 nos
1517 2371 1953 2459 prosequitur,
1984 2380 2047 2433 et
2070 2370 2386 2456 diligimus

348 2473 486 2562 ejus
519 2474 972 2562 impuritatem.

433 2579 643 2645 XXV.
697 2579 962 2667 Rogavit
1007 2581 1306 2654 eumdem
1350 2578 1597 2658 multis!
1624 2601 1769 2644 cum
1813 2577 2112 2665 lacrymis
2173 2578 2389 2644 Abbas

348 2686 642 2761 Poemen‚
680 2687 897 2751 dicens
927 2709 942 2751 ε
983 2687 1297 2775 Eloquere
1330 2685 1486 2758 mihi
1518 2685 1819 2760 verbum,
1856 2685 2176 2772 quomodo
2220 2708 2388 2751 asse-

354 2803 616 2855 cuturus
648 2790 766 2856 sim
791 2794 1077 2857 salutem.
1111 2791 1315 2856 Senex
1339 2813 1488 2855 vero
1515 2791 1572 2855 ei
1597 2789 1959 2878 respondit:
1991 2789 2198 2868 Quam
2224 2779 2392 2878 qute-

352 2894 438 2959 ris
469 2917 605 2966 rem
626 2943 645 2970 ‚
673 2919 846 2966 nunc
876 2897 1140 2962 recessit
1164 2921 1196 2963 a
1227 2895 1578 2962 nffinachis.
1881 2934 1885 2938 .

439 2998 674 3068 XXVI.
729 3000 1087 3092 Aliquando
1118 3001 1436 3068 Abbatem
1465 2999 1813 3066 Antonium
1846 2997 2142 3065 convenit
2174 2997 2389 3066 Abbas

351 3105 696 3183 Macarius,
721 3107 1066 3198 habitoque
1085 3111 1325 3176 adeum
1351 3130 1672 3189 sermone,
1706 3105 1921 3171 Scetin
1946 3128 2233 3171 reversus
2265 3115 2382 3169 est.

358 3195 624 3277 Obviam
658 3213 714 3278 ei
745 3226 1187 3303 processerunt
1215 3227 1445 3305 patres.
1478 3213 1607 3278 Et
1589 3236 1656 3277 m
1689 3211 2005 3301 colloquio
2039 3210 2125 3274 ait
2156 3209 2275 3273 illis
2299 3231 2391 3272 se-

355 3339 521 3392 nex:
565 3318 798 3383 Abbati
836 3318 1112 3385 Antonio
1136 3321 1294 3394 dixi,
1338 3319 1557 3407 quod
1541 3341 1607 3384 m
1635 3319 1780 3383 loco
1812 3327 2028 3379 nostro
2061 3331 2389 3374 careamus

360 3421 694 3498 oblatione.
745 3421 1088 3507 Coeperunt
1132 3436 1342 3509 patres
1375 3424 1680 3490 disserere
1718 3418 1851 3488 aliis
1892 3419 1969 3480 de
2009 3416 2230 3490 rebus,
2274 3435 2395 3479 nee

357 3528 785 3614 requisierunt
813 3546 1187 3611 responsum
1217 3525 1466 3588 ‚discere
1496 3547 1530 3586 a
1564 3548 1711 3590 seue
1728 3573 1750 3600 ‚
1782 3545 1903 3589 nec
1929 3542 2120 3586 senex
2141 3518 2229 3582 eis
2255 3541 2397 3605 pro-

361 3631 618 3698 locutus
643 3639 759 3691 est.
791 3627 925 3690 Hoc
949 3647 1099 3714 ergo
1123 3623 1575 3712 pronuntiabat
1606 3635 1859 3712 patrum
1898 3626 2198 3713 quidam·
2237 3620 2401 3687 Cum
2496 3665 2503 3672 -

363 3731 637 3799 viderint
655 3742 907 3820 patres,
948 3753 984 3795 e
1019 3730 1289 3808 fratrum
1317 3729 1624 3796 memoria
1663 3729 1988 3805 excidere,
2022 3740 2092 3794 ut
2124 3728 2401 3795 interro-

353 3848 518 3929 gent
543 3836 621 3912 de
643 3830 714 3908 re
736 3835 825 3902 eis
853 3835 1029 3913 utili,
1055 3836 1493 3908 necessitatem
1518 3836 1637 3903 sibi
1658 3835 1998 3925 imponunt
2012 3833 2401 3932 principium

345 3942 675 4034 orationis
713 3942 1133 4044 proferendi·
1174 3945 1348 4036 quod
1369 3944 1426 4014 si
1464 3968 1504 4032 a
1540 3940 1845 4032 fratribus
1870 3963 1999 4014 nou
2035 3941 2409 4046 adigantur
