2982 4885
587 502 727 579 ¹aoo
1278 531 1326 573 5.
1351 496 1364 509 ’
1383 496 1643 576 uscanu
1693 529 1961 575 ,eurr-ru

588 629 694 713 est*
715 649 846 713 Rex
878 658 939 709 et
969 644 1177 719 Deus,
1164 672 1178 687 ·
1222 648 1484 712 Satanas
1517 634 2069 731 antem'tyrauuus
2091 656 2157 708 et
2179 636 2468 736 princeps
2502 631 2614 711 1164

656 752 744 814 tit
749 774 817 816 τ’.

588 775 903 920 qlXXIV.
960 855 1155 935 Quod
1185 867 1504 944 superest,
1549 853 1723 917 Deus
1761 865 1826 916 et
1861 850 2249 940 Angeliejus
2294 854 2620 922 homiuem

587 954 764 1025 illum
804 961 1028 1027 volunt
1065 984 1191 1029 una
1231 982 1449 1027 secum
1490 958 1909 1047 domesticum
1954 959 2273 1043 reddere
2256 983 2319 1023 iu
2367 982 2614 1049 reguo.

585 1064 808 1132 itidem
854 1065 1140 1130 diabolus
1171 1079 1246 1131 et
1288 1063 1512 1153 Angeli
1544 1063 1682 1151 ejus
1714 1058 2016 1154 exoptant
2061 1088 2209 1130 eum
2254 1065 2370 1130 sibi
2401 1066 2627 1152 adjun-

586 1191 774 1258 gere,
810 1181 872 1235 et
902 1169 963 1234 iu
998 1159 1141 1233 suas
1167 1182 1376 1257 partes
1413 1169 1806 1258 pertrahere.
1839 1170 2045 1234 Media
2075 1170 2264 1258 igitur
2293 1182 2386 1234 est
2414 1170 2625 1235 anima

584 1262 762 1345 inter
801 1275 955 1340 duas
992 1273 1402 1364 hypostases,
1442 1288 1629 1363 atque
1660 1288 1868 1341 utram
1902 1277 1967 1340 iu
2001 1287 2244 1363 partem
2275 1287 2488 1362 postea
2525 1277 2627 1339 in-

567 1374 839 1446 clinarit
871 1383 1158 1448 voluutas
1200 1382 1426 1447 animae
1450 1431 1468 1457 ,
1520 1381 1658 1468 ejus
1693 1380 1766 1445 fit
1812 1381 2065 1470 propria
2088 1431 2101 1454 ,
2137 1382 2399 1469 ejusque
2433 1380 2622 1447 filius.

589 1484 863 1553 Perinde
899 1501 1148 1565 autem,
1190 1510 1263 1554 ac
1304 1488 1356 1553 si
1394 1489 1608 1555 mittat
1645 1499 1831 1574 pater·
1865 1486 2173 1574 quispiam
2210 1486 2273 1549 iu
2309 1485 2632 1573 regionem

591 1592 993 1680 peregrinam
1029 1592 1233 1659 filium
1274 1616 1498 1668 suum,
1533 1591 1642 1656 uhi
1680 1603 2024 1656 occurrant
2060 1590 2116 1655 ei
2151 1590 2214 1653 iu
2253 1589 2348 1654 via
2383 1589 2627 1664 hestiae,

597 1705 787 1780 atque
817 1697 1105 1762 conserat
1141 1698 1229 1762 illi
1269 1697 1613 1784 pharmaca
1644 1708 1708 1758 et
1742 1694 2056 1767 antidota3
2098 1706 2168 1755 ut
2193 1694 2635 1758 siadoriautur

595 1820 744 1862 eum
768 1800 994 1863 belluae
1018 1812 1127 1862 aut
1150 1802 1478 1871 dracones,
1514 1798 1725 1860 oblato
1750 1796 2092 1880 pharmaco
2118 1795 2220 1857 illa
2245 1796 2584 1862 interficiat
2611 1820 2632 1862 τ

593 1900 821 1963 eodem
868 1922 1123 1986 quoque
1167 1900 1359 1963 modo
1407 1921 1518 1993 vos
1559 1919 1815 1963 omnem
1862 1919 2127 1961 nervum
2161 1896 2507 1971 intendite,
2560 1911 2638 1963 ut

599 2000 923 2087 accipiatis
969 2003 1228 2067 coeleste
1273 2000 1726 2089 pharmacum,
1772 2000 1945 2085 quod
1982 1998 2522 2086 mederi.potest‚
2570 2012 2643 2067 et

563 2092 566 2099 ¹
593 2104 950 2170 antidotum
992 2118 1089 2172 est
1126 2106 1348 2171 auimae
1378 2132 1397 2181 ;
1433 2118 1504 2171 ut
1532 2106 1672 2192 ejus
1698 2103 2017 2170 beneficio
2044 2105 2419 2169 interimatis
2443 2128 2640 2171 vene-

567 2202 751 2274 'uum
786 2211 1146 2279 emittentes
1183 2202 1417 2278 bestias
1448 2209 1930 2277 immundorum
1964 2209 2321 2298 spirituum.
2362 2209 2502 2275 Nou
2540 2223 2636 2276 est

600 2315 773 2383 enim
820 2315 1003 2383 facile
1031 2341 1267 2408 purum
1303 2340 1417 2382 cor
1446 2315 1770 2404 possidere
1795 2363 1813 2391 ,
1860 2313 1977 2378 nisi
2008 2315 2211 2378 multo
2243 2336 2397 2377 cum
2432 2326 2635 2379 certa-

559 2428 568 2437 “
603 2417 777 2486 mine
815 2434 882 2488 et
928 2423 1150 2490 labore
1179 2473 1199 2500 ,
1247 2434 1319 2488 ut
1366 2419 1821 2487 conscientiam
1866 2431 1930 2484 et
1978 2441 2090 2485 cor
2130 2441 2365 2507 purum
2407 2417 2636 2486 habeat

559 2593 566 2600 .
605 2525 799 2598 homo
825 2579 841 2604 ‚
875 2542 946 2596 ut
966 2530 1221 2619 penitus
1253 2529 1562 2594 evellatur
1592 2525 1890 2613 nequitia.

649 2630 891 2720 XXV.
946 2633 1277 2720 Contingit
1314 2632 1486 2696 euim
1530 2627 1729 2719 gratia
1770 2625 2065 2716 aliquem'
2085 2628 2422 2717 praeditum
2457 2653 2628 2707 esse,

559 2725 564 2732 ’
599 2734 785 2821 cujus
822 2746 1033 2801 tamen
1082 2757 1195 2801 cor
1243 2736 1530 2798 nondum
1569 2734 1650 2797 sit
1700 2731 2127 2822 purificatum.
2185 2734 2263 2797 Et
2301 2748 2630 2823 propterea

599 2839 969 2908 cecideruut
991 2838 1101 2925 qui
1129 2837 1287 2926 lapsi
1318 2848 1514 2910 suut,
1541 2859 1618 2915 eo
1651 2839 1823 2923 quod
1848 2858 1977 2901 non
2008 2836 2459 2914 crediderunt,
2496 2850 2635 2927 post

603 2957 932 3044 acceptam
983 2943 1250 3031 gratiam
1300 2942 1623 3007 adhaerere
1678 2942 1797 3006 illis
1850 2942 2099 3006 sumum
2146 2965 2220 3007 ac
2274 2956 2622 3031 peccatum.

565 3037 840 3142 Omnes
871 3069 1017 3111 vero
1057 3046 1211 3136 justi
1246 3069 1361 3136 per
1406 3060 1759 3138 augustam
1778 3061 1966 3136 atque
1998 3048 2353 3114 afflictionis
2382 3050 2633 3137 plenam

557 3143 761 3214 viam
798 3173 995 3236 usque
1022 3152 1100 3216 ad
1133 3150 1327 3226 finem
1348 3152 1493 3218 Deo
1525 3153 1841 3240 placuere.
1872 3152 2273 3218 Aluahamus
2297 3176 2445 3218 cum
2468 3167 2630 3221 esset

598 3255 818 3331 dives,
857 3268 1030 3324 tum
1043 3258 1398 3322 secuudum
1429 3256 1676 3331 Deum,
1711 3269 1847 3322 tum
1880 3258 2233 3324 secundum
2266 3257 2622 3336 mundum,

555 3421 564 3428 .
599 3391 625 3425 ι
666 3347 927 3430 Terram
963 3387 1035 3429 ac
1043 3345 1432 3458 pulverem¹
1472 3391 1499 3425 ι
1543 3387 1611 3430 se
1642 3364 1850 3452 ipsum
1886 3364 2254 3430 nominavit.
2295 3365 2377 3429 Et
2406 3366 2631 3445 David,

620 3493 648 3527 ι
669 3466 1105 3588 Opprobrium
1131 3468 1487 3543 hominum,
1522 3468 1749 3557 iuquit,
1774 3483 1839 3536 et
1863 3469 2136 3560 abjectio
2163 3471 2380 3558 plebis.
2406 3470 2486 3533 Et
2507 3494 2640 3535 ver-

551 3572 760 3687 »mis
801 3586 867 3639 et
909 3595 1037 3639 uon
1070 3573 1313 3642 homo²
1322 3622 1338 3640 .
1380 3602 1404 3635 2
1451 3574 1756 3641 Similiter
1799 3599 2019 3641 omues
2061 3574 2345 3664 Apostoli
2382 3587 2449 3639 et
2475 3575 2635 3641 Pro-

545 3655 797 3780 phetae
835 3682 1000 3746 male
1031 3678 1232 3745 habiti
1264 3680 1527 3747 summis
1561 3680 2003 3745 afficiebantur
2032 3678 2459 3748 contumeliiS.
2498 3679 2635 3746 Do-

545 3785 801 3890 minus
856 3785 1028 3874 ipse,
1076 3788 1186 3874 qni
1226 3787 1326 3853 via
1363 3793 1460 3852 est
1500 3799 1565 3851 et
1605 3785 1831 3863 Deus,
1887 3811 2037 3856 cum
2082 3811 2211 3854 non
2252 3800 2521 3878 propter
2564 3811 2633 3853 se

545 3869 825 3979 ipsum,
852 3889 965 3954 sed
1002 3903 1258 3979 propter
1286 3904 1351 3957 te
1373 3891 1656 3970 venerit,
1683 3905 1753 3959 ut
1784 3905 1976 3984 typus
2010 3916 2085 3961 ac
2117 3893 2484 3981 exemplum
2518 3887 2634 3958 tibi

656 4025 831 4079 'Gem
858 4037 998 4085 um,
1026 4041 1189 4091 ¹7.-
1213 4025 1387 4079 ⁸l’sal.
1415 4042 1524 4090 κει,
1553 4044 1602 4094 7.
