2982 4885
641 500 775 576 266
1307 523 1357 566 s.
1410 520 1674 566 lucium
1717 521 1986 568 mern-11

657 668 685 703 ι
717 641 847 721 Qui
883 662 949 706 se
977 639 1270 704 humiliat
1291 688 1308 714 ‚
1343 638 1725 738 earaltahitur
1745 639 1792 704 ¹.
1830 666 1856 700 ι
1895 640 1975 705 Et
2005 639 2288 727 quamvis
2318 639 2400 704 sit
2427 637 2671 704 electus

644 747 794 822 Dei,
837 748 1007 835 apud
1041 767 1110 810 se
1138 745 1519 833 reprobatus
1550 758 1687 810 esto
1715 769 1733 808 ε
1772 745 2057 832 quamvis
2092 746 2171 810 sit
2220 743 2423 811 fidelis
2446 793 2463 819 ,
2497 746 2669 809 velut

641 851 970 940 indignum
1006 875 1073 916 se
1111 852 1316 939 ipsum
1356 863 1626 939 reputet.
1673 851 2004 938 Ejusmodi
2049 850 2220 918 enim
2271 851 2493 915 animae
2533 847 2669 915 Μ

642 978 1045 1045 summopere
1068 957 1344 1045 placent,
1374 963 1438 1020 et
1453 952 1860 1022 vivificantur
1878 975 1994 1046 per
2017 955 2358 1022 Christum.
2390 953 2510 1018 Cui
2526 951 2670 1041 glo-

641 1062 734 1126 ria
761 1073 827 1127 et
857 1060 1138 1151 potentia
1169 1061 1234 1127 in
1268 1064 1517 1129 saecula.
1549 1061 1775 1128 Amen.

1327 1450 1736 1524 HOMILIA
1784 1450 1998 1520 XLII.

647 1643 818 1730 Non
876 1671 1176 1728 externa
1232 1653 1367 1751 sed
1425 1656 1706 1728 interna
1745 1666 2183 1749 promoven(
2234 1654 2370 1722 dut
2414 1647 2685 1732 laedunz

743 1767 1109 1838 hominem
1131 1817 1156 1850 ,
1214 1765 1444 1850 veluti
1488 1767 1788 1859 Spin'tus
1839 1768 2095 1854 gmcc'oe
2115 1811 2139 1847 ,
2206 1777 2337 1833 aut
2380 1762 2686 1857 ,ςρὰὶειιε

741 1878 1096 1973 ηεᾳιιίιίιε.

733 2086 780 2156 I.
836 2084 1326 2164 Qunusnuonuu
1349 2087 1399 2153 si
1422 2086 1616 2154 fuerit
1638 2087 1793 2154 urbs
1806 2086 2053 2175 ingens.
2079 2097 2282 2173 eaque
2305 2085 2386 2152 sit
2403 2087 2682 2167 desei-m

642 2190 842 2257 muris
879 2191 1173 2259 videlieet
1204 2194 1555 2268 dissolutis,
1591 2206 1779 2281 atque
1810 2193 1889 2257 ah
1924 2190 2213 2259 hostibus
2255 2204 2473 2280 capta,
2509 2195 2679 2259 nulli

645 2297 1116 2383 magnitudinis,
1151 2311 1246 2364 est
1292 2298 1549 2363 utilitas.
1606 2297 2050 2385 Expetendum
2106 2317 2258 2383 ergo
2308 2309 2406 2361 est
2454 2311 2677 2386 praeter

645 2400 1174 2491 magnitudinem,
1211 2415 1281 2469 ut
1301 2402 1534 2469 habeat
1560 2423 1816 2490 quoque
1846 2423 2064 2467 muros
2091 2399 2335 2477 firmOS,
2371 2425 2453 2469 ne
2468 2403 2674 2470 hostes

647 2506 987 2587 invadantg
1025 2508 1114 2572 sic
1145 2530 1294 2572 sane
1326 2529 1580 2593 quoque
1604 2507 1853 2581 animae,
1878 2522 2192 2573 exornatae
2222 2507 2480 2575 scientia
2503 2521 2566 2574 et
2587 2509 2674 2573 in·

653 2612 907 2673 tellectu
926 2659 943 2684 ‚
975 2622 1041 2674 et
1070 2612 1322 2697 ingenio
1360 2611 1722 2677 acutissimo
1746 2660 1763 2686 ‚
1811 2613 1984 2677 velut
2015 2634 2260 2699 magnae
2288 2624 2435 2677 sunt
2465 2612 2666 2679 urbes.

654 2704 971 2775 Caeteffluu
995 2715 1433 2798 quaerendum,
1461 2737 1540 2778 an
1571 2716 1830 2779 munitae
1853 2716 1978 2780 sint
2008 2717 2240 2782 virtute
2273 2717 2564 2805 Spiritus,
2594 2738 2674 2781 ne

652 2818 906 2901 quando
949 2816 1163 2881 hostes
1212 2817 1522 2882 irruentes
1564 2821 1927 2885 desolentur
1975 2843 2099 2887 eas.
2145 2820 2473 2910 Sapientes
2507 2821 2674 2887 enim

652 2919 844 3009 hujus
883 2920 1105 2985 mundi
1142 2921 1549 3000 AristoteleS,
1585 2924 1763 2992 Plato
1808 2928 1907 2991 vel
1945 2926 2273 3002 Socrates,
2311 2928 2419 3012 qui
2457 2948 2676 3003 rerum

652 3025 940 3088 notitiam
966 3027 1306 3105 callebant,
1327 3029 1524 3095 instar
1543 3053 1917 3120 magnarum
1933 3046 2115 3099 erant
2135 3031 2384 3097 urbium
2403 3053 2422 3104 3
2448 3040 2679 3095 verum

650 3130 874 3194 Vastati
905 3143 1086 3196 erant
1124 3134 1203 3198 ab
1232 3133 1521 3200 hostibus
1539 3185 1557 3212 ,
1595 3159 1678 3202 eo.
1704 3139 1878 3225 quod
1906 3161 2035 3205 non
2063 3148 2228 3204 esset
2257 3135 2527 3226 Spiritus
2557 3133 2678 3203 Dei

649 3255 716 3299 m
746 3232 916 3324 ipsis.
1651 3292 1654 3295 ,

740 3340 820 3404 ΙΙ.
875 3340 1281 3428 Quicumque
1314 3365 1465 3409 vero
1503 3367 1582 3411 ex
1622 3345 1830 3413 idiotis
1875 3347 2215 3438 participes
2245 3356 2396 3412 sunt
2424 3342 2674 3434 gratiae»

653 3445 829 3510 velut
859 3448 1050 3512 urbes
1082 3470 1287 3536 parvae
1310 3464 1455 3517 sunt
1474 3499 1494 3527 ,
1535 3452 1797 3519 munitm
1832 3453 2067 3520 virtute
2097 3451 2322 3519 crucis.
2361 3449 2681 3539 Excidunt

654 3570 806 3614 vero
833 3572 866 3614 a
898 3553 1096 3636 gratia
1119 3555 1358 3643 duplici
1381 3558 1461 3623 de
1493 3581 1707 3635 causa,
1742 3572 1808 3626 et
1827 3570 2121 3648 pereunt,
2150 3570 2254 3623 aut
2282 3555 2455 3642 quod
2475 3553 2682 3619 illatas

654 3653 1026 3723 afflictiones
1053 3681 1183 3725 non
1213 3664 1564 3731 sustineant
1581 3713 1600 3741 ,
1637 3678 1745 3731 aut
1772 3653 1946 3752 quod
1973 3661 2404 3753 voluptatibus
2431 3657 2680 3748 peccati

650 3783 717 3824 se
750 3761 997 3828 deliniri
1018 3768 1434 3853 permiserint.
1470 3770 1610 3839 Non
1633 3771 1805 3837 enim
1827 3780 2094 3860 possunt
2121 3769 2232 3857 qui
2264 3770 2675 3839 transmeant,

649 3864 885 3953 absque
917 3872 1366 3940 tentationibus
1406 3886 1763 3962 penetrare.
1812 3875 2382 3957 Quemadmodum
2420 3889 2571 3963 ergo
2612 3867 2679 3968 iq

714 4014 733 4051 v
760 4002 881 4069 lquc.
902 4022 1004 4067 xm·
1027 4024 1077 4067 u
1099 4044 1114 4068 ,
1138 4018 1190 4063 et
1209 4018 1356 4073 xviii,
1386 4009 1461 4072 14,
