2982 4885
706 476 840 559 542
1389 562 1398 571 Β
1505 488 1554 535 ⁸.
1609 486 1962 563 masna
2030 554 2041 563 ἱ
2088 536 2105 562 Α

723 639 753 674 ι
771 610 999 679 Adhuc
1026 627 1147 696 ego
1173 602 1445 671 movebo
1477 604 1715 679 coelum
1738 618 1804 671 et
1833 618 2071 671 terram
2091 604 2141 671 ¹.
2177 632 2207 670 s
2246 603 2387 674 Non
2418 610 2739 677 attenden-

707 714 955 789 tesDei
982 710 1858 803 potentiam-elementorum
1890 724 2131 777 nature
2158 713 2480 781 ascn‘heoe
2512 717 2737 784 audent

705 821 1001 913 potentiae
1025 817 1400 891 motionem,
1427 827 1502 880 ut
1524 817 1786 904 qnidam
1810 816 2171 908 philosophi
2194 821 2363 896 vani,
2390 821 2499 908 qui
2527 843 2735 888 rerum

708 942 948 996 naturae
977 927 1099 992 hoc
1133 922 1542 996 ascribentes,
1577 922 1694 987 Dei
1728 923 2082 1011 potentiam
2114 946 2243 990 non
2282 941 2728 1015 cognoverunt.

708 1034 903 1114 Quod
930 1030 1121 1095 etiam
1151 1028 1217 1093 in
1237 1026 1608 1113 hujusmodi
1640 1022 1833 1094 rebus
1858 1027 2207 1116 indignatio
2223 1026 2364 1107 Dei,
2386 1045 2451 1097 et
2465 1034 2734 1120 potentia

708 1146 1008 1227 operatur
1033 1186 1050 1211 ,
1101 1144 1166 1198 et
1217 1153 1402 1197 suam
1453 1145 1819 1197 commovet
1873 1145 2229 1199 creaturam
2259 1143 2281 1211 ,‘
2321 1138 2734 1204 conversionis

709 1264 897 1311 causa
942 1252 1008 1307 et
1047 1239 1379 1305 utilitatis:
1429 1237 1662 1327 quippe
1709 1238 2059 1304 multorum
2098 1241 2500 1329 peccantium
2534 1266 2602 1310 ac
2645 1230 2736 1357 fiz-

710 1346 1041 1418 deuntium
1064 1347 1145 1412 ad
1167 1345 1513 1411 Dominum
1542 1341 1931 1409 Salvatorem
1962 1355 2151 1433 atque
2175 1345 2555 1413 Creatorem.

715 1572 926 1640 ssXXV.
970 1566 1291 1635 nAEREsls
1326 1577 1596 1631 HERMIS
1624 1579 2079 1632 'rmsmzels'rl
2121 1552 2213 1631 1⁰)ss
2248 1580 2623 1633 Psscomnns
2652 1582 2736 1634 ΒΤ

1542 1678 1921 1731 smssthJs.

806 1858 965 1925 Aua
991 1868 1089 1921 est
1117 1853 1393 1929 haeresis,
1419 1876 1563 1942 quae
1594 1855 1949 1920 secundum
1978 1876 2364 1943 paganorum
2379 1857 2739 1930 vanitatem,

715 1965 994 2032 siderum
1033 1961 1277 2027 diversa
1318 1960 1574 2025 nomina
1608 1958 1948 2049 profitetur
1967 2012 1985 2037 ,
2020 1974 2093 2027 ut
2135 1962 2388 2028 Hermes
2423 1962 2530 2027 ille'
2564 1961 2742 2027 Tris-

716 2069 1019 2158 megistus
1039 2116 1055 2142 ,
1081 2067 1192 2155 qni
1219 2088 1416 2133 vanus
1437 2064 1650 2154 potius
1680 2088 1876 2152 quam
1906 2088 2169 2156 magnus
2198 2066 2571 2154 judicandus
2602 2081 2700 2133 est
2720 2119 2738 2143 ,

718 2188 785 2243 et
812 2182 1016 2266 poetae
1043 2174 1301 2261 quidam
1330 2170 1389 2236 ei
1420 2171 1808 2247 consimiles,
1841 2173 1952 2259 qui
1978 2172 2293 2246 Cometas,
2317 2182 2384 2237 et
2405 2172 2735 2261 Pogonias,

719 2296 788 2350 et
823 2282 1101 2370 Hyadas,
1128 2289 1196 2342 et
1220 2276 1481 2352 Boedos,
1519 2289 1584 2342 et
1616 2279 1765 2345 talia
1788 2278 2154 2365 hujusmodi
2186 2289 2473 2345 asserunt
2501 2279 2742 2343 nomina

716 2390 1089 2470 delirantes,
1133 2405 1283 2458 cum
1331 2384 1661 2475 Scriptura
1696 2404 1897 2475 pauca
1943 2385 2202 2451 nomina
2249 2385 2528 2452 siderum
2572 2386 2739 2451 nobis

718 2497 964 2571 dixerit,
1005 2493 1256 2559 dicente
1275 2490 1402 2556 Job
1434 2493 1783 2581 propheta,
1824 2502 2160 2578 antequam
2192 2493 2420 2584 pagani
2454 2515 2489 2556 e
2520 2492 2741 2558 sanctis

719 2597 1066 2690 scripturis
1093 2597 1372 2662 siderum
1414 2598 1672 2662 nomina
1704 2598 2213 2664 transtulissent:
2241 2599 2398 2665 dicit
2422 2599 2590 2665 enim
2618 2599 2740 2686 ipse

718 2706 845 2771 Joh
875 2727 892 2766 :
938 2730 963 2761 ι
998 2701 1126 2779 Qui
1163 2700 1316 2765 fecit
1341 2700 1628 2790 Pleiades
1658 2715 1723 2767 et
1752 2703 2096 2769 Arcturum
2117 2754 2134 2781 ,
2162 2703 2396 2792 inquit,
2430 2713 2493 2770 et
2512 2704 2743 2791 Hespe-

678 2886 685 2894 ·
720 2822 930 2880 nrum,
957 2818 1023 2870 et
1054 2803 1357 2871 Austrum
1379 2857 1396 2882 ,
1432 2819 1497 2872 et
1527 2807 1766 2873 Oriona
1785 2857 1804 2882 ,
1843 2820 1909 2873 et
1929 2809 2295 2875 Luciferum
2317 2809 2365 2876 ².
2403 2838 2428 2870 ι
2447 2810 2593 2875 Haec
2624 2809 2743 2872 ita-

719 2935 845 3002 que
873 2911 1131 2977 nomina
1162 2935 1198 2977 e
1230 2911 1461 2977 sanctis
1500 2907 1843 3002 Scripturis
1874 2914 2218 3002 accipimus
2250 2914 2521 2980 nuntiata
2540 2937 2561 2975 .·
2591 2933 2747 2975 nam

713 3019 1001 3084 omnium
1021 3017 1299 3082 siderum
1330 3017 1587 3082 nomina
1607 3040 1734 3083 non
1755 3019 1913 3086 dixit
1942 3015 2287 3110 Scriptura,
2312 3018 2417 3084 sed
2440 3015 2748 3104 potestati

715 3124 833 3191 Dei
862 3122 1202 3190 reservavit
1217 3146 1330 3210 per
1343 3123 1728 3209 Prophetam
1751 3127 2105 3201 declarans»,
2121 3127 2401 3192 etdicens
2413 3122 2498 3188 ita
2521 3145 2536 3187 ε
2564 3148 2589 3181 α
2613 3119 2743 3199 Qui

718 3263 743 3295 a
762 3242 1054 3297 numerat
1078 3226 1550 3293 multitudinem
1585 3231 1936 3306 stellarum,
1971 3243 2035 3296 et
2059 3231 2347 3298 omnihus
2371 3229 2461 3295 eis
2483 3226 2745 3294 nomina

717 3358 992 3404 »vocans
1023 3333 1068 3398 ³.
1112 3361 1135 3392 n
1182 3332 1330 3397 Haec
1368 3332 1579 3417 itaque
1612 3358 1811 3421 pauca
1848 3336 2104 3402 nomina
2136 3339 2410 3426 legentes
2443 3359 2479 3400 e
2510 3331 2747 3399 sanctis

713 3439 1058 3530 Scripturis
1074 3442 1274 3525 poie‘tae
1292 3448 1509 3524 postea
1528 3438 1790 3530 salsique
1819 3440 2207 3530 philosophi,
2235 3442 2369 3506 ausi
2399 3452 2545 3506 sunt
2569 3460 2751 3503 usur·

707 3547 927 3638 pantes
945 3543 1070 3608 suis
1089 3542 1433 3608 mendaciis
1447 3557 1513 3610 et
1530 3546 1646 3611 alia
1674 3547 1947 3634 plurima
1963 3529 2288 3636 copulare,
2309 3560 2494 3637 atque
2517 3543 2753 3633 impie-

713 3653 857 3721 tatis
890 3646 1129 3716 seminu
1162 3650 1392 3713 saeculo
1423 3652 1767 3740 praedicare
1789 3701 1806 3726 ,
1840 3666 1912 3718 ut
1948 3676 2025 3717 ex
2055 3653 2126 3718 iis
2165 3675 2418 3742 sperare
2450 3660 2757 3741 putarent

711 3764 901 3828 etiam
944 3753 1230 3819 omnium
1286 3756 1564 3821 siderum
1614 3771 1722 3822 aut
1771 3759 2189 3848 plurimorum
2251 3759 2507 3823 nomina
2564 3777 2754 3848 posse

708 3859 1183 3951 comprehendi.
1233 3860 1397 3925 Cum
1436 3864 1722 3927 omnium
1759 3864 2036 3928 siderum
2090 3849 2345 3930 nomina
2392 3886 2521 3930 non
2566 3865 2756 3930 aliter

777 4013 793 4039 ι
827 4001 950 4064 Agg.
975 4009 1013 4044 u
1031 4025 1047 4054 ,
1076 4009 1156 4047 sn.
1178 4021 1241 4033 —
1267 4010 1287 4034 ¹
1317 3995 1437 4048 Job.
1468 4014 1534 4062 tx,
1560 4014 1611 4062 9,
1630 3983 1772 4064 Juxta
1792 4016 1900 4051 ux.
1927 4027 1989 4040 -
2010 4001 2031 4035 ³
2051 3999 2181 4053 Psal.
2202 4001 2428 4060 navist.

223 4403 674 4770 κς
