2982 4885
1215 582 1471 629 nonnas
1520 583 1621 628 xx.
2326 585 2349 629 ι
2365 565 2449 630 65

405 698 647 775 Deo,in
665 721 859 787 regno
877 698 1050 785 ejus,
1075 701 1295 767 acDeo
1327 703 1763 789 requiescente
1799 700 1863 766 in
1893 699 2075 766 nobis
2108 695 2171 763 in
2204 697 2448 788 infinita

408 807 655 872 saecula.
693 804 907 869 Gloria
946 806 1026 869 sit
1056 805 1564 872 miserationibus
1588 808 1759 894 ejus,
1788 803 2237 871 misericordias
2264 827 2336 871 ac
2362 805 2451 871 di-

406 911 700 987 lectioni,
748 913 920 999 quod
968 924 1142 977 tanto
1192 913 1433 979 honore
1481 926 1547 979 et
1587 914 1781 1002 gloria
1818 914 2107 1000 dignatus
2140 911 2220 982 sit
2249 935 2449 1001 genus

406 1013 797 1091 humanum,
836 1038 994 1103 quos
1025 1017 1246 1105 dignos
1278 1017 1690 1104 judicaverit,
1729 1031 1802 1084 ut
1833 1030 2089 1082 vocaret
2128 1015 2289 1081 filios
2329 1016 2448 1086 Pa-

405 1119 515 1186 tris
564 1119 842 1186 coelestis
905 1142 978 1184 ac
1034 1121 1323 1210 proprios
1372 1122 1618 1189 fratres·
1674 1122 1799 1214 Ipsi
1852 1122 2051 1211 gloria
2103 1121 2169 1187 in
2221 1124 2447 1189 saecula

404 1224 629 1291 Amen.

450 1463 2063 1490 mmmmmmkfflsmeQSQ'nubW-mmmm
2085 1466 2432 1502 mmm,

1126 1631 1536 1720 HOMILIA‘
1589 1650 1748 1724 xx,

409 1867 619 1941 Solus
664 1866 982 1944 Chn'stm
1001 1919 1024 1952 ,
1076 1887 1293 1942 verus
1340 1865 1660 1936 medicus
1701 1865 2058 1938 interiens
2095 1863 2408 1944 hominis,
2422 1919 2448 1951 ,

497 2005 757 2054 sanare
777 1996 1019 2078 potest
1037 1985 1390 2066 animam,
1418 1983 2174 2078 eamque-vestamento
2192 1983 2456 2074 gratim

497 2123 654 2170 suoe
691 2099 1066 2168 exomare.

491 2343 543 2405 1.
604 2337 672 2404 S1
703 2340 841 2425 quis
878 2341 1087 2403 nudus
1116 2339 1197 2403 sit
1227 2353 1292 2404 et
1324 2349 1539 2417 careat
1564 2340 1941 2404 indumento
1970 2338 2185 2405 divino
2217 2360 2292 2404 ac
2320 2334 2460 2406 ‹3oess

406 2444 583 2519 lesti,
632 2439 806 2530 quod
842 2453 935 2505 est
968 2439 1250 2529 potentia
1300 2440 1597 2527 Spiritus,
1653 2442 1815 2505 sicut
1849 2444 2091 2507 dictum
2143 2457 2283 2509 est:
2334 2441 2455 2512 &Si

408 2550 593 2637 »quis
647 2560 858 2613 autem
891 2546 1200 2636 Spiritum
1260 2545 1495 2611 Christi
1544 2569 1672 2612 non
1724 2546 1955 2622 habet,
2014 2546 2120 2612 hic
2172 2570 2302 2612 non
2356 2559 2455 2615 est

409 2648 627 2740 »ejus¹
664 2676 680 2715 ε
714 2679 739 2712 ι
780 2652 985 2740 ploret
1032 2662 1221 2736 atque
1287 2650 1583 2715 obsecret
1634 2651 2019 2727 Dominum,
2079 2665 2151 2733 ut
2202 2651 2453 2718 coelitus

409 2770 835 2847 consequatur
866 2756 1187 2845 spirituale
1219 2756 1704 2834 indumentum,
1757 2769 1886 2846 quo
1919 2758 2139 2837 induat
2176 2759 2456 2824 animam

411 2866 619 2933 divina
665 2863 896 2929 virtute
933 2862 1262 2952 spoliatam
1307 2886 1322 2925 ε
1371 2862 1517 2950 quia
1552 2866 1756 2930 multo
1796 2865 2044 2953 pudore
2084 2888 2156 2931 ac
2193 2865 2457 2936 infamia

407 2970 816 3037 affectionum
840 2968 1148 3044 induitur,
1177 2966 1284 3055 qui
1317 2968 1693 3035 vestimento
1725 2968 1996 3059 Spiritus
2023 2971 2290 3038 amictus
2320 2996 2457 3040 nou
2483 3020 2486 3023 -

404 3088 518 3143 est.
566 3073 1128 3156 Quemadmodum
1159 3073 1419 3138 enimin
1453 3075 1644 3139 rebus
1674 3077 1972 3152 externis,
2001 3075 2051 3142 si
2076 3077 2214 3166 quis
2240 3078 2455 3144 nudus

406 3179 521 3255 sit,
567 3201 814 3244 summo
858 3179 1102 3267 pudore
1137 3189 1324 3266 atque
1356 3178 1612 3244 infamia
1653 3178 1930 3245 afficitur
1950 3205 1970 3256 ς
2016 3192 2083 3247 et
2115 3180 2304 3248 amici
2336 3204 2457 3247 nu-

407 3287 521 3352 dos
563 3295 932 3352 aversantur
978 3284 1239 3361 amicos,
1294 3296 1360 3351 et
1406 3287 1689 3375 germani
1737 3305 1915 3364 suos,
1965 3299 2030 3353 et
2084 3286 2269 3353 liberi
2315 3287 2456 3354 viso

402 3391 579 3471 nudo
605 3403 810 3480 patre,
842 3402 1204 3456 averterunt
1236 3389 1431 3455 facies
1463 3414 1631 3467 suas,
1665 3380 1745 3457 ne
1775 3393 2177 3458 intuerentur
2204 3391 2458 3459 nudum

404 3519 635 3587 corpus
665 3499 894 3587 patris,
940 3509 1006 3563 et
1051 3508 1401 3562 retrorsum
1441 3497 1757 3584 progressi
1787 3508 2179 3585 operuerunt
2209 3518 2360 3563 eum
2389 3494 2447 3574 ⁸.

405 3614 470 3666 et
496 3600 587 3667 sic·
618 3614 983 3670 averterunt
1037 3602 1285 3668 vultum
1317 3621 1334 3664 t
1369 3602 1598 3664 eodem
1649 3598 1842 3665 modo
1895 3601 2067 3666 Deus
2128 3614 2455 3671 aversatur

376 3708 391 3713 ’
411 3703 672 3781 animas,
699 3731 829 3785 non
851 3719 1183 3789 exornatas
1210 3704 1586 3772 indumento
1604 3703 1878 3792 Spiritus
1897 3726 2050 3797 cum
2079 3702 2228 3771 fidei
2259 3706 2459 3773 certi·-

382 3805 666 3881 'tudine,
707 3832 813 3876 eos
841 3800 1134 3899 inquam,
1172 3813 1283 3900 qui
1316 3835 1444 3880 non
1471 3802 1817 3889 induerunt
1852 3806 2199 3889 Dominum
2228 3808 2453 3882 Jeeum

410 3909 736 3980 Christum
758 3911 824 3978 in
846 3913 1079 3981 virtute
1109 3928 1175 3982 et
1199 3916 1484 3985 veritate.
2001 3896 2010 3911 .

473 4088 494 4118 ⁸
521 4076 665 4130 Rom.
684 4089 799 4139 vm,
820 4090 874 4146 9.
899 4090 1003 4148 -f
1027 4076 1156 4130 Gen.
1179 4093 1247 4141 tx,
1274 4079 1349 4130 ιδ.
