2982 4885
625 525 748 578 ιω
1294 526 1343 570 s.
1398 515 1665 573 anacam
1707 511 1985 572 nomn

613 662 680 717 et
714 645 877 714 fiunt
905 642 1192 711 membra
1220 664 1446 709 eorum
1479 655 1698 710 sancta
1728 656 1795 711 et
1821 642 2056 710 lucida.
2085 639 2531 724 Quamobrem
2560 643 2662 715 di-

613 753 742 821 vini
764 751 1052 820 homines
1079 750 1316 817 dehent
1336 772 1404 816 se
1426 771 1784 839 praeparare
1806 750 1891 816 ad
1915 761 2244 817 certamen
2265 761 2332 816 et
2353 773 2650 841 pugnam.

613 858 884 928 Perinde
915 869 1151 933 autem,
1186 867 1260 922 ut
1289 855 1538 943 juvenis
1568 859 1910 945 generosus
1941 856 2142 922 illatas
2170 857 2386 945 plagas
2414 880 2490 925 ac
2520 860 2660 926 luc-

614 978 744 1031 tam
788 963 1055 1030 sustinet
1099 983 1172 1027 ac
1219 959 1485 1027 referit:
1543 960 1633 1026 sic
1680 982 1933 1048 quoque
1988 959 2329 1026 Christiani
2381 961 2658 1049 perferre

613 1068 846 1134 debent
889 1066 1284 1138 afflictiones.
1326 1077 1469 1129 tum·
1495 1077 1810 1139 externas,
1848 1077 1984 1130 tum
2018 1064 2317 1131 interiora
2349 1065 2541 1141 bella,
2572 1078 2651 1132 ut

617 1173 898 1263 percussi
950 1194 1064 1260 per
1113 1168 1515 1235 tolerantiam
1568 1169 1923 1259 superiores
1971 1172 2258 1236 evadant.
2319 1169 2433 1236 Via
2486 1170 2657 1237 enim

619 1277 976 1343 christianae
1025 1274 1343 1363 religionis
1378 1274 1469 1340 sic
1508 1296 1574 1338 sc
1611 1273 1823 1339 habet.
1897 1274 2017 1340 Ubi
2064 1273 2335 1364 Spiritus
2374 1288 2653 1351 sanctus.

616 1383 749 1474 illic·
788 1381 1094 1470 sequitur,
1142 1382 1313 1445 velut
1357 1379 1609 1454 umbra,
1651 1379 2012 1468 persecutio
2062 1391 2129 1445 et
2170 1402 2405 1468 pugna.
2460 1378 2649 1445 Vides

612 1487 986 1577 Prophetas.
1020 1487 1340 1575 quomodo
1370 1485 1813 1574 persecutione
1837 1482 2054 1551 afflicti
2084 1484 2319 1551 fuerint
2341 1486 2420 1551 ah
2448 1483 2651 1551 omni·

612 1593 735 1660 hus
764 1594 1230 1661 contribulibus
1261 1592 1416 1668 suis,
1450 1593 1516 1658 in
1549 1593 1781 1681 quibus
1821 1591 2235 1659 nihilominus
2278 1591 2660 1680 operabatur

615 1699 904 1790 Spiritus.
938 1701 1126 1766 Vides
1149 1702 1471 1785 quomodo
1494 1701 1826 1773 Dominus,
1861 1699 1969 1783 qui
1998 1710 2095 1762 est
2128 1697 2224 1761 via
2256 1709 2320 1761 et
2359 1695 2657 1772 veritu‘.

613 1826 743 1869 non
773 1805 852 1866 ab
886 1803 1009 1865 alio
1039 1802 1277 1886 populo
1307 1801 1816 1884 persecutionem
1850 1818 2071 1881 passus
2103 1809 2225 1868 est,
2257 1799 2422 1859 aeda
2442 1799 2601 1872 suis,
2626 1820 2665 1862 a

614 1903 866 1996 propria
888 1900 1130 1966 scilicet
1154 1899 1329 1964 tribu
1357 1899 1573 1974 lsrae’l,
1592 1898 2038 1986 persecutione
2053 1895 2345 1970 affectus.
2374 1914 2449 1959 ac
2463 1900 2664 1962 cruci

617 2009 838 2079 affixus
867 2018 981 2071 est.
1023 2004 1250 2070 Itidem
1284 2015 1350 2070 et
1377 2001 1685 2092 Apostoli.
1736 2003 1831 2068 Ex
1860 2025 1938 2068 eo
1968 2001 2139 2067 enim
2174 2013 2489 2090 tempore,
2530 2021 2666 2088 quo

613 2112 790 2178 cruci
829 2107 1047 2173 affixus
1089 2118 1208 2183 est,
1247 2109 1491 2176 transiit
1534 2108 1804 2197 Spiritus
1835 2107 2239 2182 Paracletus,
2274 2118 2339 2173 et
2367 2104 2665 2194 migravit

610 2219 685 2294 in,
709 2213 1115 2281 Christianos.
1150 2212 1468 2281 Caeterum
1501 2215 1714 2280 nullus
1741 2213 1782 2279 J
1786 2215 2116 2280 udaeorum
2147 2211 2659 2302 persecutionem

608 2315 891 2412 pertulit,
926 2321 1040 2386 sed
1071 2317 1407 2386 Christiani
1441 2321 1650 2385 solum
1672 2317 1976 2405 martyrio
1998 2316 2210 2384 affecti
2238 2327 2409 2382 sunt.
2443 2313 2655 2394 Quare

613 2450 743 2494 non
769 2438 889 2503 est,
925 2427 1100 2514 quod
1144 2423 1484 2492 Christiani
1515 2423 1579 2490 in
1610 2436 1936 2513 stuporem
1969 2419 2397 2495 adducantur,
2433 2438 2654 2486 verum

612 2544 865 2625 oportet
884 2531 1216 2599 veritatem
1238 2530 1749 2621 persecutionem
1780 2525 1931 2617 pati.

1346 2743 1418 2792 11!
1426 2740 1899 2793 'I'BRROGA'HO-

691 2933 869 3007 XIII.
941 2931 1241 3015 Quidam
1282 2928 1481 2997 aiunt
1529 2928 1823 2995 merim
1865 2926 2117 2997 vitium
2168 2927 2477 3019 ingredi,
2528 2875 2656 2997 etsi

603 3043 766 3127 velit
786 3039 1006 3112 homa,
1039 3057 1179 3101 non
1204 3034 1479 3125 recipit,
1504 3033 1619 3101 aad
1640 3033 1870 3122 rejicit
1901 3031 2095 3101 fund.

1412 3252 1814 3307 annonam.
1849 3300 1852 3303 ,

692 3457 1249 3542 Quemadmodum
1273 3472 1533 3542 serpens
1555 3451 1808 3517 locutus
1843 3470 1992 3516 cum
2019 3448 2213 3528 En‘,
2244 3472 2395 3518 cum
2418 3448 2644 3518 obedi-

602 3579 701 3634 ret
723 3566 879 3656 ipsa,
907 3565 1321 3652 introgressus
1348 3571 1479 3625 est:
1515 3556 1605 3623 sic
1629 3577 1884 3644 quoque
1908 3576 2082 3621 nunc
2103 3555 2185 3621 oh
2209 3555 2637 3622 obedientiam

601 3671 877 3740 hominis
906 3668 1256 3757 ingreditur
1279 3675 1642 3755 peccatum,
1677 3660 1850 3749 quod
1879 3673 2056 3727 extra
2084 3672 2216 3734 est:
2238 3658 2433 3725 hahet
2463 3660 2636 3727 enim

598 3790 935 3871 peccatum
980 3777 1233 3864 plenam
1260 3781 1653 3861 potestatem
1698 3777 1764 3832 et
1800 3766 2157 3832 libertatem
2189 3764 2253 3831 in
2285 3786 2404 3847 cor·
2425 3764 2635 3852 ingre-

599 3883 831 3953 diendi.
878 3882 1095 3968 Neque
1127 3879 1297 3943 enim
1330 3873 1742 3963 cogitationes
1772 3881 1944 3935 extra
1985 3882 2156 3945 sunt,
2187 3870 2298 3935 sed
2330 3870 2524 3946 intus,
2557 3890 2635 3933 ex

674 4032 689 4056 ⁸
719 4018 863 4069 loun.
889 4032 988 4074 mv,
1011 4016 1061 4067 6.
1086 4042 1144 4053 -
1172 4013 1302 4063 Gen.
1329 4026 1408 4071 ιιι,
1430 4011 1477 4065 5,
1502 4009 1550 4058 6.
