2982 4885
572 500 705 591 276
1253 517 1302 562 s.
1320 516 1619 578 fuscam
1664 517 1931 562 merra-11

569 638 679 723 qui
713 648 920 703 autem
941 632 1074 699 baee
1090 645 1390 699 nostrum
1414 649 1533 710 est,
1561 634 1668 721 qui
1687 636 2002 699 credimus
2025 645 2086 697 et
2114 654 2259 698 vere
2280 631 2603 720 diligimus

564 744 769 816 illum,
810 753 875 804 et
910 740 972 804 in
1004 740 1347 805 homnibus
1363 741 1599 805 sanctis
1624 739 1931 806 mandatis
1956 738 2093 824 ejus
2125 761 2593 805 conversamur.

570 846 636 910 Si
671 846 840 909 euim
883 857 1167 930 tempore
1195 844 1420 918 Elismi,
1460 839 1726 932 liguum,
1755 845 1923 930 quod
1966 855 2185 908 natura
2217 844 2351 907 leve
2383 854 2500 916 est,
2534 842 2600 907 in

564 973 796 1038 aquam
842 949 1245 1036 conjectum,
1302 950 1526 1013 extulit
1578 948 1893 1024 serrum¹,
1921 951 2096 1036 quod
2146 960 2364 1012 natura
2410 970 2601 1035 grave

565 1069 704 1120 est:
743 1066 980 1140 quanto
1014 1052 1211 1140 magis
1250 1051 1460 1118 mittet
1497 1050 1626 1118 huc
1662 1054 1971 1119 Dominus
2004 1055 2245 1126 levem,
2276 1052 2612 1126 subtilem,

558 1159 806 1224 bonum
841 1169 906 1223 et
937 1159 1259 1223 coelestem
1282 1179 1468 1224 suum
1502 1156 1835 1247 Spiritum,
1861 1157 2127 1245 ejusque
2158 1179 2279 1245 ope
2311 1157 2600 1222 submer-

564 1284 700 1327 sam
746 1261 922 1348 aquis
967 1260 1260 1347 nequitiae
1303 1261 1577 1327 animam
1631 1264 1929 1335 extollet,
1985 1274 2051 1327 et
2103 1259 2373 1327 elevabit
2416 1272 2599 1346 atque

564 1369 815 1432 evolare
864 1365 1055 1431 saciet
1098 1367 1182 1432 ad
1211 1366 1506 1432 sublimia
1540 1367 1849 1432 coelorum
1877 1414 1896 1442 ,
1948 1387 2022 1431 ac
2062 1364 2508 1431 transmutabit
2537 1375 2602 1428 et

564 1482 895 1537 convertet
916 1493 1057 1536 eam
1092 1495 1125 1536 a
1150 1475 1379 1537 ⁴natura
1403 1470 1556 1537 sua?
2343 1554 2360 1565 ·

658 1576 760 1644 v1.
790 1576 872 1641 Et
905 1579 1442 1663 quemadmodum
1467 1578 1533 1642 in
1560 1578 1752 1644 rebus
1781 1575 2165 1664 conspicuis,
2194 1597 2384 1640 nemo
2399 1586 2603 1663 potest

562 1702 679 1770 per
725 1705 792 1746 se
852 1683 1117 1747 transire
1167 1694 1234 1747 et
1284 1681 1580 1767 trajicere
1611 1706 1808 1757 mare,
1864 1682 1982 1745 uisi
2031 1681 2260 1746 habe-at
2294 1683 2499 1747 levem
2541 1691 2604 1744 et

512 1854 523 1867 ,
567 1799 825 1850 tenuem
850 1785 1228 1854 naviculam,
1262 1805 1341 1844 ex
1369 1784 1541 1866 ligno
1564 1795 2020 1855 constructam,
2055 1773 2202 1866 quae'
2242 1784 2372 1845 sola
2413 1804 2610 1870 super

567 1908 759 1970 aquas
817 1885 1114 1946 incedere
1175 1892 1417 1967 potest3
1476 1881 1864 1968 demergitur
1913 1882 2086 1945 enim
2139 1894 2204 1944 et
2253 1883 2510 1958 interit,
2552 1886 2609 1950 si

568 1987 849 2052 ambulet
879 1985 1020 2068 quis
1070 1985 1133 2048 in
1186 1984 1390 2048 mari:
1423 1985 1649 2049 eodem
1683 1986 1875 2049 modo
1902 1984 2122 2069 nequit
2155 1983 2361 2048 anima
2390 2008 2507 2073 per
2537 2010 2610 2053 se

565 2092 764 2176 ipsam
792 2086 1080 2162 transire,
1118 2109 1413 2177 superare
1446 2102 1554 2154 aut
1584 2087 1877 2176 trajicere
1911 2089 2215 2154 acerbum
2245 2112 2422 2153 mare
2451 2113 2609 2178 pec-

564 2190 687 2254 cati
711 2201 779 2254 et
815 2188 1138 2256 difficilem
1181 2192 1479 2279 abyssum
1535 2216 1876 2283 pravorum
1931 2192 2269 2279 spirituum
2322 2193 2602 2281 caliginis

571 2293 1004 2371 affectionum,
1040 2297 1156 2362 nisi
1189 2296 1512 2374 subtilem,
1557 2298 1879 2361 coelestem
1920 2309 1985 2360 et
2021 2295 2345 2360 volatilem
2381 2296 2605 2363 Christi

572 2398 876 2490 Spiritum
903 2400 1287 2490 susceperit,
1313 2423 1501 2490 super
1524 2422 1780 2466 omnem
1806 2399 2151 2487 nequitiam
2180 2391 2607 2467 ambulantem

574 2519 639 2572 ct
668 2507 1098 2582 incedentem,
1135 2505 1319 2595 cujus
1343 2530 1485 2596 ope,
1516 2506 1768 2581 auxilio,
1807 2519 1987 2571 recto
2012 2518 2076 2570 et
2106 2506 2317 2571 minus
2346 2528 2605 2572 erroneo

566 2596 770 2677 ‘eursu
802 2612 881 2676 ad
904 2613 1226 2676 coelestem
1250 2624 1508 2699 portum
1542 2612 1795 2697 quietis,
1838 2612 1918 2676 ad
1951 2610 2269 2676 civitatem
2295 2613 2472 2699 regni
2495 2632 2607 2700 po-

583 2715 729 2782 terit
774 2714 1120 2801 pervenire.
1170 2713 1728 2791 Quemadmodum
1765 2728 1976 2781 autem
2024 2717 2132 2802 qui
2174 2730 2321 2782 sunt
2363 2719 2427 2781 in
2471 2718 2609 2783 navi

556 2806 619 2885 'e
643 2820 803 2884 mari
827 2841 956 2884 nou
976 2818 1273 2883 hauriunt
1290 2840 1411 2883 nec
1450 2818 1717 2894 bibunt,
1756 2841 1874 2887 nec
1892 2843 1971 2885 ex
2001 2842 2078 2884 eo
2108 2823 2472 2887 vestimenta
2506 2835 2610 2887 aut

585 2925 828 2990 victum
868 2923 1184 3011 accipiunt
1214 2946 1231 2996 ς
1274 2920 1384 2989 sed
1418 2923 1670 2989 aliunde
1721 2924 1785 2989 in
1837 2928 2437 3014 navemjmportant
2468 2951 2485 2989 ε
2519 2928 2609 2993 sic

590 3051 842 3122 quoque
876 3028 1100 3119 animae
1132 3028 1634 3095 Christianorum
1664 3052 1792 3095 non
1824 3054 1901 3097 ex
1933 3031 2055 3097 hoc
2085 3032 2330 3104 saeculo,
2363 3030 2472 3094 scd
2497 3052 2608 3094 su-

588 3135 874 3228 pernitus
904 3158 942 3199 e
965 3136 1127 3201 coelo
1159 3135 1374 3228 cibum
1406 3137 1724 3200 coelestem
1763 3148 1828 3200 et
1863 3136 2230 3201 indumenta
2270 3134 2612 3222 spiritualia

594 3242 949 3331 accipiunt:
981 3252 1170 3329 atque
1201 3239 1347 3305 inde
1369 3239 1671 3315 viventes,
1703 3240 1769 3306 in
1791 3241 1934 3305 navi
1963 3242 2114 3306 boni
2138 3253 2203 3307 et
2225 3240 2454 3321 vivifici
2472 3242 2616 3331 Spi-

601 3352 765 3414 ritus
798 3349 1124 3413 ambulant
1158 3358 1222 3411 et
1260 3346 1806 3433 transgrediuntur
1845 3348 2227 3414 adversarias
2258 3350 2615 3438 principum

596 3467 660 3518 et
710 3464 1093 3541 potestatum
1142 3471 1366 3539 pravas
1424 3450 1768 3535 facultates.
1821 3453 1899 3517 Et
1953 3455 2486 3541 quemadmodum
2542 3478 2618 3520 ex

562 3622 567 3631 ,
597 3558 786 3620 unica
820 3567 1041 3620 natura
1074 3554 1226 3642 ligni
1260 3576 1480 3619 omnes
1504 3577 1691 3620 naves
1725 3568 2200 3632 construuntur,
2222 3578 2484 3642 quarum
2509 3556 2618 3621 be-

595 3659 828 3727 neficio
863 3660 1151 3726 homines
1175 3682 1460 3726 amarum
1475 3672 1737 3749 possmit
1760 3671 2148 3726 transmeare
2176 3683 2348 3725 mare
2376 3681 2392 3723 ε
2421 3660 2512 3726 sic
2542 3683 2620 3725 ex

598 3767 785 3841 unica
805 3765 1142 3833 Divinitate
1176 3767 1333 3833 lucis
1351 3766 1621 3833 coelestis
1653 3763 2044 3833 diversorum
2064 3765 2278 3853 gratim
2310 3766 2620 3831 donorum

552 3952 567 3959 ”
649 3956 681 3998 μ
710 3963 737 3998 a
763 3946 884 4014 aeg.
911 3958 976 4006 vt,
999 3948 1050 4005 ⁵,

2489 4014 2564 4024 ..q-.-
