2982 4885
575 525 706 609 ¹9⁴
1243 538 1292 580 s.
1345 534 1620 580 uscun-
1654 533 1924 578 AEGYPTu

576 659 951 752 probatione
997 655 1196 721 multa
1233 703 1249 728 ,
1301 666 1366 718 et
1417 653 1479 716 in
1529 650 1986 717 tentationibus
2029 652 2492 730 acerbissimis,
2540 667 2616 720 ut

580 768 725 832 inde
759 774 973 851 postea
1006 770 1301 825 occurrat
1325 759 1534 823 anima
1569 781 1684 844 per
1714 758 2032 844 ingentem
2066 758 2471 828 afflictionem
2492 810 2510 836 ,
2551 771 2617 825 et

580 880 851 942 mortem
877 857 1273 931 ante'oculos
1308 864 1575 951 positam
1607 887 1623 926 =
1659 875 1811 927 tunc
1836 884 2029 927 manu
2060 863 2257 928 valida
2284 876 2348 928 et
2369 868 2615 932 excelso

583 973 850 1042 brachio
892 970 1093 1036 sancti
1134 968 1405 1056 Spiritus
1447 967 1910 1032 illuminatione
1951 966 2253 1057 dirumpit
2283 969 2404 1042 vim
2436 982 2619 1034 tene-

581 1081 890 1151 burnm,
934 1090 999 1142 et
1038 1075 1261 1140 transit
1303 1072 1511 1137 anima
1566 1072 1886 1136 horrenda
1937 1074 2073 1136 loca
2120 1072 2386 1149 evitans,
2433 1087 2620 1164 atque

594 1186 914 1270 trajiciens
936 1203 1112 1248 mare
1142 1179 1550 1245 tenebrarum
1576 1190 1641 1242 et
1673 1176 1831 1266 ignis
1862 1177 2072 1241 omnia
2107 1178 2481 1244 devorantis.

683 1288 857 1357 xlv.
876 1288 1023 1351 ltaeo
1040 1297 1183 1349 sunt
1199 1283 1498 1372 mysteria
1517 1282 1762 1356 animm,
1780 1303 1917 1370 quae
1936 1304 2077 1346 vere
2095 1280 2286 1347 liunt
2271 1306 2333 1346 tn
2347 1281 2623 1357 homine,

594 1395 703 1484 qui
742 1392 1073 1459 contendit
1098 1390 1426 1479 pervenire
1459 1391 1534 1454 ad
1564 1387 1933 1476 promissam
1966 1389 2198 1462 vitam,
2233 1400 2297 1454 et
2328 1387 2433 1476 qui
2464 1388 2627 1452 libe-

593 1514 769 1567 ratus
809 1522 846 1564 e
882 1513 1079 1586 regno
1110 1496 1368 1571 mortis,
1418 1494 1651 1583 accipit
1696 1493 2117 1558 arrhabonem
2153 1517 2187 1558 a
2226 1494 2398 1566 Deo,
2437 1490 2624 1581 parti·

595 1629 746 1695 eeps
778 1606 1048 1695 Spiritu's
1088 1602 1287 1670 sancti
1323 1601 1545 1665 sactus.
1586 1600 1902 1685 Deinceps
1934 1599 2194 1662 liberata
2227 1598 2303 1662 ab
2344 1595 2628 1662 hostibus

595 1714 720 1779 suis
742 1711 985 1784 anima,
1020 1709 1252 1772 acerbo
1286 1707 1447 1768 mari
1471 1706 1708 1767 virtute
1740 1704 1946 1767 divina
1977 1703 2240 1787 trajecto
2262 1753 2280 1777 ,
2318 1703 2428 1768 ubi
2456 1724 2635 1767 cons-

596 1818 751 1906 picit
796 1816 1051 1882 hostes,
1102 1809 1331 1892 quibus
1377 1819 1557 1869 antea
1616 1806 2022 1876 inserviebat,
2069 1819 2211 1869 ante
2261 1810 2481 1871 oculos
2538 1808 2642 1871 in-

600 1919 841 1984 teriisse
867 1964 881 1987 ,
915 1916 1152 1976 exultat
1175 1910 1405 1996 gaudio
1430 1908 1730 1971 ineffabili
1753 1956 1770 1980 ,
1797 1921 1860 1971 et
1884 1907 2231 1994 glorificata
2258 1911 2649 1976 consolatio-

602 2042 749 2088 nem
776 2039 807 2081 a
833 2018 968 2082 Deo
993 2014 1259 2099 accipit,
1287 2024 1350 2077 et
1375 2012 1435 2074 in
1458 2011 1730 2075 Domino
1757 2012 2110 2100 requiescit.
2149 2014 2311 2078 Tum
2335 2011 2638 2100 Spiritus,

607 2146 797 2213 quem
815 2121 1082 2210 acecpit,
1097 2119 1231 2185 Deo
1249 2118 1565 2183 canticum
1584 2119 1753 2183 canit
1778 2142 2035 2195 novum,
2056 2132 2387 2209 tympano,
2413 2135 2639 2212 nempe

604 2228 895 2318 corporis
915 2275 932 2302 ,
967 2239 1033 2291 et
1063 2224 1318 2290 cithara:
1338 2274 1354 2299 ,
1384 2225 1513 2289 sive
1545 2225 1768 2289 anlmae
1801 2224 2056 2289 chordis
2088 2223 2529 2301 rationalibus,
2561 2246 2632 2289 ac

607 2333 1026 2402 subtilissimis
1092 2329 1580 2418 cogitationibus
1605 2377 1624 2403 ,
1681 2341 1745 2393 et
1798 2330 2042 2416 plectro
2103 2329 2328 2394 divium
2379 2330 2581 2418 gratim
2611 2354 2634 2403 ς

606 2441 929 2527 mittitque
977 2437 1196 2502 laudes
1231 2435 1309 2500 ad
1351 2433 1675 2499 Christum
1707 2432 2044 2501 vivificum.
2086 2434 2636 2514 Quemadmodum

611 2549 783 2612 enim
823 2567 937 2633 per
976 2542 1195 2609 tibiam
1236 2539 1508 2629 Spiritus
1541 2540 1850 2604 transiens
1874 2589 1891 2616 ,
1935 2562 2157 2605 sonum
2208 2541 2384 2617 edit:
2419 2541 2498 2607 ita
2527 2562 2639 2629 per

614 2663 866 2718 sanctos
898 2662 964 2712 et
996 2646 1233 2732 Spiritu
1258 2645 1554 2731 praeditos
1589 2646 1876 2710 homines
1901 2644 2170 2734 Spiritus
2202 2660 2456 2712 sanctus
2478 2648 2639 2735 psal-

614 2757 724 2829 lit,
770 2765 834 2817 et
862 2762 1161 2839 precatur
1193 2749 1397 2812 Deum
1434 2748 1497 2812 in
1544 2750 1820 2836 puritate
1854 2752 2083 2819 cordis.
2143 2781 2167 2812 ι
2194 2752 2404 2818 Gloria
2438 2755 2515 2819 sit
2543 2752 2596 2816 ei
2618 2801 2637 2826 .

614 2860 724 2947 qui
763 2855 1033 2926 redemit
1069 2853 1343 2916 animam
1385 2876 1422 2917 e
1467 2856 1769 2921 servitute
1801 2857 2182 2936 Pharaonis,
2223 2860 2646 2945 thronumque

620 2984 807 3031 suum
852 2980 992 3024 eam
1027 2957 1394 3033 constituit,
1430 2960 1858 3035 domicilium,
1911 2965 2216 3051 templum
2255 2975 2317 3026 et
2350 2984 2640 3051 sponsam

617 3082 887 3158 puram3
922 3077 1109 3151 atque
1136 3064 1481 3130 introduxit
1515 3089 1655 3131 eam
1687 3067 1750 3131 in
1785 3090 2050 3157 regnum
2075 3070 2209 3134 vitae
2233 3079 2510 3143 aeternae,
2542 3067 2651 3133 vel

624 3174 833 3241 adhue
859 3173 919 3237 in
954 3171 1076 3236 hoc
1113 3173 1342 3236 saeculo
1366 3171 1758 3236 existentem.
1793 3201 1818 3233 n

714 3279 856 3347 XV.
912 3280 985 3343 In
1024 3280 1160 3366 lege
1194 3276 1484 3340 animalia
1521 3275 1763 3342 ratione
1803 3280 2100 3346 destituta
2133 3276 2566 3348 offerebantur
2589 3278 2653 3342 in

626 3384 1007 3452 sacrificium
1035 3431 1050 3455 ,
1090 3403 1228 3468 quae
1259 3381 1377 3445 nisi
1410 3394 1868 3462 mactarentur,
1902 3409 2028 3452 non
2054 3398 2233 3453 erant
2274 3399 2464 3476 gratae
2488 3385 2656 3449 obla-

622 3491 849 3553 tiones.
910 3487 1092 3551 Nunc
1142 3506 1395 3572 quoque
1444 3485 1563 3552 nisi
1609 3502 1924 3556 mactetur
1969 3504 2337 3582 peccatum,
2387 3512 2514 3554 non
2560 3500 2659 3558 est

621 3588 1066 3682 'grata‘oblatio
1101 3592 1269 3679 apud
1299 3591 1502 3658 Deum
1537 3643 1555 3671 ,
1596 3609 1661 3660 et
1700 3620 1862 3663 vera.
1906 3597 2091 3664 Venit
2124 3598 2393 3689 populus
2425 3596 2493 3659 in
2528 3594 2656 3659 Ma·

616 3719 781 3773 ran,
824 3696 934 3764 ubl
968 3709 1101 3760 erat
1133 3696 1270 3761 sons
1303 3721 1580 3766 amaram
1616 3716 1841 3789 aquam
1876 3727 1911 3767 e
1943 3704 2326 3793 scaturigine
2361 3702 2656 3773 mittens,

620 3814 896 3889 eamque
931 3800 1214 3868 inutilem
1254 3806 1332 3869 ad
1365 3804 1776 3872 bibendum⁸.
1817 3808 1857 3872 J
1864 3809 2015 3874 ubet
2047 3820 2196 3897 ergo
2229 3808 2401 3875 Deus
2423 3805 2661 3872 Mosem

616 3920 812 3976 metu
836 3921 1198 4001 correptum
1228 3910 1471 3999 lignum
1470 3910 1806 4005 projicere
1838 3912 1902 3978 in
1933 3934 2160 4022 aquam
2186 3928 2503 3986 amaratm
2540 3909 2663 3974 hoc

704 4042 1221 4110 ·nxi›d.1v·,as.·
