<?xml version="1.0" encoding="UTF-8"?>
<!DOCTYPE html PUBLIC "-//W3C//DTD XHTML 1.0 Transitional//EN"
    "http://www.w3.org/TR/xhtml1/DTD/xhtml1-transitional.dtd">
<html xmlns="http://www.w3.org/1999/xhtml" xml:lang="en" lang="en">
 <head>
  <title>
</title>
<meta http-equiv="Content-Type" content="text/html;charset=utf-8" />
  <meta name='ocr-system' content='tesseract 3.04.00' />
  <meta name='ocr-capabilities' content='ocr_page ocr_carea ocr_par ocr_line ocrx_word'/>
</head>
<body>
  <div class='ocr_page' id='page_1' title='image "./sanctorummacari00egypgoog_0268.png"; bbox 0 0 2982 4885; ppageno 0'>
   <div class='ocr_carea' id='block_1_1' title="bbox 549 490 1913 555">
    <p class='ocr_par' dir='ltr' id='par_1_1' title="bbox 549 490 1913 555">
     <span class='ocr_line' id='line_1_1' title="bbox 549 490 1913 555; baseline -0.003 0"><span class='ocrx_word' id='word_1_1' title='bbox 549 490 678 555; x_wconf 75' lang='lat'><strong>232</strong></span> <span class='ocrx_word' id='word_1_2' title='bbox 1231 510 1278 551; x_wconf 88' lang='lat' dir='ltr'><strong>s.</strong></span> <span class='ocrx_word' id='word_1_3' title='bbox 1339 509 1603 552; x_wconf 70' lang='grc' dir='ltr'>ιιΑοΑιιιι</span> <span class='ocrx_word' id='word_1_4' title='bbox 1648 508 1913 551; x_wconf 68' lang='lat' dir='ltr'><strong>AEmrru</strong></span> 
     </span>
    </p>
   </div>
   <div class='ocr_carea' id='block_1_2' title="bbox 515 620 2620 3880">
    <p class='ocr_par' dir='ltr' id='par_1_2' title="bbox 547 620 2609 2068">
     <span class='ocr_line' id='line_1_2' title="bbox 547 620 2609 721; baseline -0.001 -26"><span class='ocrx_word' id='word_1_5' title='bbox 547 626 816 695; x_wconf 88' lang='lat' dir='ltr'><strong>credidit</strong></span> <span class='ocrx_word' id='word_1_6' title='bbox 897 624 1227 700; x_wconf 67' lang='lat' dir='ltr'><strong>Israelitis,</strong></span> <span class='ocrx_word' id='word_1_7' title='bbox 1304 649 1687 721; x_wconf 58' lang='lat' dir='ltr'><strong>corumque¹</strong></span> <span class='ocrx_word' id='word_1_8' title='bbox 1731 626 2027 692; x_wconf 84' lang='lat' dir='ltr'><strong>societate</strong></span> <span class='ocrx_word' id='word_1_9' title='bbox 2098 624 2288 714; x_wconf 84' lang='lat' dir='ltr'><strong>digna</strong></span> <span class='ocrx_word' id='word_1_10' title='bbox 2373 620 2609 703; x_wconf 64' lang='lat' dir='ltr'><strong>habi&#39;ta⁴</strong></span> 
     </span>
     <span class='ocr_line' id='line_1_3' title="bbox 552 730 2591 820; baseline -0 -22"><span class='ocrx_word' id='word_1_11' title='bbox 552 744 666 799; x_wconf 89' lang='lat' dir='ltr'><strong>est.</strong></span> <span class='ocrx_word' id='word_1_12' title='bbox 747 730 1043 796; x_wconf 78' lang='lat' dir='ltr'><strong>Israe&#39;litae</strong></span> <span class='ocrx_word' id='word_1_13' title='bbox 1108 743 1321 796; x_wconf 87' lang='lat' dir='ltr'><strong>autem</strong></span> <span class='ocrx_word' id='word_1_14' title='bbox 1381 753 1458 796; x_wconf 85' lang='lat' dir='ltr'><strong>ex</strong></span> <span class='ocrx_word' id='word_1_15' title='bbox 1537 754 1752 797; x_wconf 88' lang='lat' dir='ltr'><strong>amore</strong></span> <span class='ocrx_word' id='word_1_16' title='bbox 1812 731 1875 795; x_wconf 90' lang='lat' dir='ltr'><strong>in</strong></span> <span class='ocrx_word' id='word_1_17' title='bbox 1947 732 2290 820; x_wconf 82' lang='lat' dir='ltr'><strong>AEgyptum</strong></span> <span class='ocrx_word' id='word_1_18' title='bbox 2356 733 2591 797; x_wconf 84' lang='lat' dir='ltr'><strong>reversi</strong></span> 
     </span>
     <span class='ocr_line' id='line_1_4' title="bbox 552 816 2590 925; baseline -0 -23"><span class='ocrx_word' id='word_1_19' title='bbox 552 847 716 902; x_wconf 85' lang='lat' dir='ltr'><strong>sunt.</strong></span> <span class='ocrx_word' id='word_1_20' title='bbox 781 835 1341 915; x_wconf 83' lang='lat' dir='ltr'><strong>Quemadmodum</strong></span> <span class='ocrx_word' id='word_1_21' title='bbox 1390 859 1541 925; x_wconf 89' lang='lat' dir='ltr'><strong>ergo</strong></span> <span class='ocrx_word' id='word_1_22' title='bbox 1592 835 1752 904; x_wconf 85' lang='lat' dir='ltr'><strong>nihil</strong></span> <span class='ocrx_word' id='word_1_23' title='bbox 1805 816 2031 902; x_wconf 84' lang='lat' dir='ltr'>nocuit</span> <span class='ocrx_word' id='word_1_24' title='bbox 2066 836 2238 903; x_wconf 85' lang='lat' dir='ltr'><strong>Raab</strong></span> <span class='ocrx_word' id='word_1_25' title='bbox 2284 835 2590 905; x_wconf 78' lang='lat' dir='ltr'><strong>habitatio</strong></span> 
     </span>
     <span class='ocr_line' id='line_1_5' title="bbox 552 938 2593 1041; baseline -0.001 -33"><span class='ocrx_word' id='word_1_26' title='bbox 552 960 700 1009; x_wconf 85' lang='lat' dir='ltr'><strong>cum</strong></span> <span class='ocrx_word' id='word_1_27' title='bbox 734 938 1098 1030; x_wconf 86' lang='lat' dir='ltr'><strong>alenigenis,</strong></span> <span class='ocrx_word' id='word_1_28' title='bbox 1128 940 1240 1006; x_wconf 90' lang='lat' dir='ltr'><strong>sed</strong></span> <span class='ocrx_word' id='word_1_29' title='bbox 1277 939 1435 1007; x_wconf 89' lang='lat' dir='ltr'><strong>fides</strong></span> <span class='ocrx_word' id='word_1_30' title='bbox 1467 964 1608 1006; x_wconf 90' lang='lat' dir='ltr'><strong>eam</strong></span> <span class='ocrx_word' id='word_1_31' title='bbox 1647 942 2060 1041; x_wconf 77' lang='lat' dir='ltr'><strong>domesticam</strong></span> <span class='ocrx_word' id='word_1_32' title='bbox 2091 939 2366 1007; x_wconf 79' lang='lat' dir='ltr'><strong>reddidit</strong></span> <span class='ocrx_word' id='word_1_33' title='bbox 2397 941 2593 1029; x_wconf 88' lang='lat' dir='ltr'><strong>parti·-</strong></span> 
     </span>
     <span class='ocr_line' id='line_1_6' title="bbox 549 1044 2589 1136; baseline -0.001 -25"><span class='ocrx_word' id='word_1_34' title='bbox 549 1044 690 1111; x_wconf 88' lang='lat' dir='ltr'><strong>bus</strong></span> <span class='ocrx_word' id='word_1_35' title='bbox 695 1045 1168 1111; x_wconf 75' lang='lat' dir='ltr'><strong>Israelitarum:</strong></span> <span class='ocrx_word' id='word_1_36' title='bbox 1206 1045 1291 1110; x_wconf 88' lang='lat' dir='ltr'><strong>ita</strong></span> <span class='ocrx_word' id='word_1_37' title='bbox 1323 1058 1661 1136; x_wconf 90' lang='lat' dir='ltr'><strong>peccatum</strong></span> <span class='ocrx_word' id='word_1_38' title='bbox 1692 1046 1853 1113; x_wconf 89' lang='lat' dir='ltr'><strong>nihil</strong></span> <span class='ocrx_word' id='word_1_39' title='bbox 1873 1046 2045 1111; x_wconf 83' lang='lat' dir='ltr'><strong>laedit</strong></span> <span class='ocrx_word' id='word_1_40' title='bbox 2067 1067 2210 1118; x_wconf 88' lang='lat' dir='ltr'><strong>eos,</strong></span> <span class='ocrx_word' id='word_1_41' title='bbox 2244 1045 2356 1133; x_wconf 91' lang='lat' dir='ltr'><strong>qui</strong></span> <span class='ocrx_word' id='word_1_42' title='bbox 2387 1044 2449 1108; x_wconf 90' lang='lat' dir='ltr'><strong>in</strong></span> <span class='ocrx_word' id='word_1_43' title='bbox 2480 1067 2589 1134; x_wconf 85' lang='lat' dir='ltr'><strong>spe</strong></span> 
     </span>
     <span class='ocr_line' id='line_1_7' title="bbox 553 1148 2597 1240; baseline -0.001 -24"><span class='ocrx_word' id='word_1_44' title='bbox 553 1162 619 1216; x_wconf 90' lang='lat' dir='ltr'><strong>et</strong></span> <span class='ocrx_word' id='word_1_45' title='bbox 664 1149 791 1216; x_wconf 89' lang='lat' dir='ltr'><strong>fide</strong></span> <span class='ocrx_word' id='word_1_46' title='bbox 833 1149 1330 1239; x_wconf 83' lang='lat' dir='ltr'><strong>Redemptorem</strong></span> <span class='ocrx_word' id='word_1_47' title='bbox 1361 1163 1734 1240; x_wconf 78' lang='lat' dir='ltr'><strong>expectant,</strong></span> <span class='ocrx_word' id='word_1_48' title='bbox 1768 1152 1875 1238; x_wconf 86' lang='lat' dir='ltr'><strong>qui</strong></span> <span class='ocrx_word' id='word_1_49' title='bbox 1923 1148 2257 1215; x_wconf 80' lang='lat' dir='ltr'><strong>adveniens</strong></span> <span class='ocrx_word' id='word_1_50' title='bbox 2302 1149 2597 1215; x_wconf 89' lang='lat' dir='ltr'><strong>immutat</strong></span> 
     </span>
     <span class='ocr_line' id='line_1_8' title="bbox 555 1252 2595 1347; baseline -0.001 -26"><span class='ocrx_word' id='word_1_51' title='bbox 555 1254 969 1347; x_wconf 89' lang='lat' dir='ltr'><strong>cogitationes</strong></span> <span class='ocrx_word' id='word_1_52' title='bbox 1000 1255 1225 1321; x_wconf 83' lang='lat' dir='ltr'><strong>animae</strong></span> <span class='ocrx_word' id='word_1_53' title='bbox 1244 1305 1261 1331; x_wconf 98' lang='lat'><strong>,</strong></span> <span class='ocrx_word' id='word_1_54' title='bbox 1303 1257 1641 1344; x_wconf 71' lang='lat' dir='ltr'><strong>redditque</strong></span> <span class='ocrx_word' id='word_1_55' title='bbox 1674 1279 1779 1321; x_wconf 83' lang='lat' dir='ltr'><strong>eas</strong></span> <span class='ocrx_word' id='word_1_56' title='bbox 1810 1255 2086 1329; x_wconf 82' lang='lat' dir='ltr'><strong>divinas,</strong></span> <span class='ocrx_word' id='word_1_57' title='bbox 2121 1255 2406 1319; x_wconf 87' lang='lat' dir='ltr'><strong>coelestes</strong></span> <span class='ocrx_word' id='word_1_58' title='bbox 2427 1303 2444 1335; x_wconf 91' lang='lat'><strong>,</strong></span> <span class='ocrx_word' id='word_1_59' title='bbox 2474 1252 2595 1318; x_wconf 89' lang='lat' dir='ltr'><strong>bo-</strong></span> 
     </span>
     <span class='ocr_line' id='line_1_9' title="bbox 553 1358 2596 1451; baseline -0.001 -26"><span class='ocrx_word' id='word_1_60' title='bbox 553 1372 704 1436; x_wconf 84' lang='lat' dir='ltr'><strong>nas;</strong></span> <span class='ocrx_word' id='word_1_61' title='bbox 739 1372 804 1426; x_wconf 86' lang='lat' dir='ltr'><strong>et</strong></span> <span class='ocrx_word' id='word_1_62' title='bbox 835 1362 1025 1427; x_wconf 91' lang='lat' dir='ltr'><strong>docet</strong></span> <span class='ocrx_word' id='word_1_63' title='bbox 1068 1360 1347 1427; x_wconf 89' lang='lat' dir='ltr'><strong>animam</strong></span> <span class='ocrx_word' id='word_1_64' title='bbox 1384 1384 1608 1427; x_wconf 87' lang='lat' dir='ltr'><strong>verum</strong></span> <span class='ocrx_word' id='word_1_65' title='bbox 1635 1359 1938 1451; x_wconf 86' lang='lat' dir='ltr'><strong>precandi</strong></span> <span class='ocrx_word' id='word_1_66' title='bbox 1976 1362 2270 1435; x_wconf 88' lang='lat' dir='ltr'><strong>modum,</strong></span> <span class='ocrx_word' id='word_1_67' title='bbox 2312 1381 2438 1423; x_wconf 91' lang='lat' dir='ltr'><strong>non</strong></span> <span class='ocrx_word' id='word_1_68' title='bbox 2471 1358 2596 1423; x_wconf 89' lang='lat' dir='ltr'><strong>dis-</strong></span> 
     </span>
     <span class='ocr_line' id='line_1_10' title="bbox 558 1462 2599 1558; baseline -0.001 -28"><span class='ocrx_word' id='word_1_69' title='bbox 558 1475 860 1541; x_wconf 88' lang='lat' dir='ltr'><strong>tractum,</strong></span> <span class='ocrx_word' id='word_1_70' title='bbox 887 1474 1009 1532; x_wconf 80' lang='lat' dir='ltr'><strong>ne&#39;c</strong></span> <span class='ocrx_word' id='word_1_71' title='bbox 1040 1467 1508 1556; x_wconf 85' lang='lat' dir='ltr'><strong>vagabundum.</strong></span> <span class='ocrx_word' id='word_1_72' title='bbox 1558 1468 1693 1536; x_wconf 82' lang='lat' dir='ltr'><strong>«Ne</strong></span> <span class='ocrx_word' id='word_1_73' title='bbox 1711 1469 1959 1545; x_wconf 85' lang='lat' dir='ltr'><strong>timeas,</strong></span> <span class='ocrx_word' id='word_1_74' title='bbox 1981 1462 2213 1558; x_wconf 72' lang='lat' dir='ltr'><strong>inquit,</strong></span> <span class='ocrx_word' id='word_1_75' title='bbox 2234 1488 2349 1554; x_wconf 85' lang='lat' dir='ltr'><strong>ego</strong></span> <span class='ocrx_word' id='word_1_76' title='bbox 2365 1476 2508 1530; x_wconf 87' lang='lat' dir='ltr'><strong>ante</strong></span> <span class='ocrx_word' id='word_1_77' title='bbox 2528 1475 2599 1528; x_wconf 86' lang='lat' dir='ltr'><strong>te</strong></span> 
     </span>
     <span class='ocr_line' id='line_1_11' title="bbox 558 1570 2600 1665; baseline -0 -31"><span class='ocrx_word' id='word_1_78' title='bbox 558 1570 735 1648; x_wconf 64' lang='lat' dir='ltr'><strong>vibo,</strong></span> <span class='ocrx_word' id='word_1_79' title='bbox 783 1584 848 1638; x_wconf 93' lang='lat' dir='ltr'><strong>et</strong></span> <span class='ocrx_word' id='word_1_80' title='bbox 893 1584 1143 1639; x_wconf 89' lang='lat' dir='ltr'><strong>montes</strong></span> <span class='ocrx_word' id='word_1_81' title='bbox 1169 1570 1572 1663; x_wconf 67' lang='lat' dir='ltr'><strong>adaequabo,</strong></span> <span class='ocrx_word' id='word_1_82' title='bbox 1620 1588 1834 1665; x_wconf 86' lang='lat' dir='ltr'><strong>portas</strong></span> <span class='ocrx_word' id='word_1_83' title='bbox 1879 1596 2082 1638; x_wconf 85' lang='lat' dir='ltr'><strong>aeneas</strong></span> <span class='ocrx_word' id='word_1_84' title='bbox 2131 1584 2480 1646; x_wconf 88' lang='lat' dir='ltr'><strong>conteram,</strong></span> <span class='ocrx_word' id='word_1_85' title='bbox 2533 1579 2600 1633; x_wconf 92' lang='lat' dir='ltr'><strong>et</strong></span> 
     </span>
     <span class='ocr_line' id='line_1_12' title="bbox 559 1672 2598 1765; baseline -0.002 -24"><span class='ocrx_word' id='word_1_86' title='bbox 559 1702 585 1735; x_wconf 66' lang='lat' dir='ltr'>a</span> <span class='ocrx_word' id='word_1_87' title='bbox 605 1690 817 1742; x_wconf 82' lang='lat' dir='ltr'><strong>vectes</strong></span> <span class='ocrx_word' id='word_1_88' title='bbox 849 1676 1087 1742; x_wconf 79' lang='lat' dir='ltr'><strong>ferreos</strong></span> <span class='ocrx_word' id='word_1_89' title='bbox 1138 1678 1596 1765; x_wconf 83' lang='lat' dir='ltr'><strong>confringam¹.</strong></span> <span class='ocrx_word' id='word_1_90' title='bbox 1621 1705 1647 1739; x_wconf 70' lang='grc' dir='ltr'>ι</span> <span class='ocrx_word' id='word_1_91' title='bbox 1686 1679 1768 1743; x_wconf 84' lang='lat' dir='ltr'><strong>Et</strong></span> <span class='ocrx_word' id='word_1_92' title='bbox 1798 1699 2058 1741; x_wconf 84' lang='lat' dir='ltr'><strong>rursum</strong></span> <span class='ocrx_word' id='word_1_93' title='bbox 2089 1699 2105 1738; x_wconf 92' lang='lat'><strong>:</strong></span> <span class='ocrx_word' id='word_1_94' title='bbox 2130 1703 2155 1734; x_wconf 76' lang='grc' dir='ltr'><strong>α</strong></span> <span class='ocrx_word' id='word_1_95' title='bbox 2175 1676 2451 1740; x_wconf 86' lang='lat' dir='ltr'><strong>Attende</strong></span> <span class='ocrx_word' id='word_1_96' title='bbox 2483 1672 2598 1738; x_wconf 88' lang='lat' dir='ltr'><strong>tibi</strong></span> 
     </span>
     <span class='ocr_line' id='line_1_13' title="bbox 559 1778 2604 1867; baseline 0.001 -26"><span class='ocrx_word' id='word_1_97' title='bbox 559 1779 754 1867; x_wconf 80' lang='lat' dir='ltr'><strong>»ipsi,</strong></span> <span class='ocrx_word' id='word_1_98' title='bbox 792 1782 914 1852; x_wconf 85' lang='lat' dir='ltr'><strong>ait,</strong></span> <span class='ocrx_word' id='word_1_99' title='bbox 964 1802 1046 1843; x_wconf 90' lang='lat' dir='ltr'><strong>ne</strong></span> <span class='ocrx_word' id='word_1_100' title='bbox 1089 1782 1351 1862; x_wconf 87' lang='lat' dir='ltr'><strong>quando</strong></span> <span class='ocrx_word' id='word_1_101' title='bbox 1381 1779 1649 1843; x_wconf 58' lang='lat' dir='ltr'><strong>rex-hum</strong></span> <span class='ocrx_word' id='word_1_102' title='bbox 1693 1778 2133 1841; x_wconf 84' lang='lat' dir='ltr'><strong>absconditum</strong></span> <span class='ocrx_word' id='word_1_103' title='bbox 2166 1778 2228 1839; x_wconf 92' lang='lat' dir='ltr'><strong>in</strong></span> <span class='ocrx_word' id='word_1_104' title='bbox 2261 1781 2473 1841; x_wconf 74' lang='lat' dir='ltr'><strong>corde·</strong></span> <span class='ocrx_word' id='word_1_105' title='bbox 2488 1791 2604 1843; x_wconf 86' lang='lat' dir='ltr'><strong>tuo</strong></span> 
     </span>
     <span class='ocr_line' id='line_1_14' title="bbox 560 1877 2607 1965; baseline -0 -21"><span class='ocrx_word' id='word_1_106' title='bbox 560 1882 716 1947; x_wconf 80' lang='lat' dir='ltr'><strong>»fiat</strong></span> <span class='ocrx_word' id='word_1_107' title='bbox 753 1881 1050 1965; x_wconf 85' lang='lat' dir='ltr'><strong>iniquitas</strong></span> <span class='ocrx_word' id='word_1_108' title='bbox 1081 1901 1098 1941; x_wconf 88' lang='lat'>:</span> <span class='ocrx_word' id='word_1_109' title='bbox 1143 1902 1226 1943; x_wconf 91' lang='lat' dir='ltr'><strong>ne</strong></span> <span class='ocrx_word' id='word_1_110' title='bbox 1260 1880 1433 1944; x_wconf 85' lang='lat' dir='ltr'><strong>dicas</strong></span> <span class='ocrx_word' id='word_1_111' title='bbox 1467 1879 1533 1944; x_wconf 88' lang='lat' dir='ltr'><strong>in</strong></span> <span class='ocrx_word' id='word_1_112' title='bbox 1588 1878 1778 1947; x_wconf 86' lang='lat' dir='ltr'><strong>corde</strong></span> <span class='ocrx_word' id='word_1_113' title='bbox 1809 1890 1959 1952; x_wconf 89' lang='lat' dir='ltr'><strong>tuo;</strong></span> <span class='ocrx_word' id='word_1_114' title='bbox 2003 1877 2173 1943; x_wconf 89' lang='lat' dir='ltr'><strong>Gens</strong></span> <span class='ocrx_word' id='word_1_115' title='bbox 2202 1877 2340 1942; x_wconf 84' lang='lat' dir='ltr'><strong>haec</strong></span> <span class='ocrx_word' id='word_1_116' title='bbox 2371 1900 2607 1960; x_wconf 85' lang='lat' dir='ltr'><strong>nume-</strong></span> 
     </span>
     <span class='ocr_line' id='line_1_15' title="bbox 560 1981 2421 2068; baseline -0.005 -22"><span class='ocrx_word' id='word_1_117' title='bbox 560 2012 586 2046; x_wconf 81' lang='lat'><strong>»</strong></span> <span class='ocrx_word' id='word_1_118' title='bbox 605 2006 744 2049; x_wconf 88' lang='lat' dir='ltr'><strong>rosa</strong></span> <span class='ocrx_word' id='word_1_119' title='bbox 768 1994 865 2048; x_wconf 89' lang='lat' dir='ltr'><strong>est</strong></span> <span class='ocrx_word' id='word_1_120' title='bbox 895 1993 960 2045; x_wconf 90' lang='lat' dir='ltr'><strong>et</strong></span> <span class='ocrx_word' id='word_1_121' title='bbox 987 1992 1214 2068; x_wconf 83' lang='lat' dir='ltr'><strong>potens</strong></span> <span class='ocrx_word' id='word_1_122' title='bbox 1230 1981 1276 2047; x_wconf 85' lang='lat'><strong>².</strong></span> <span class='ocrx_word' id='word_1_123' title='bbox 1308 2009 1334 2043; x_wconf 71' lang='grc' dir='ltr'>ι</span> <span class='ocrx_word' id='word_1_124' title='bbox 2404 2042 2421 2061; x_wconf 43' lang='grc' dir='ltr'>ι</span> 
     </span>
    </p>

    <p class='ocr_par' dir='ltr' id='par_1_3' title="bbox 515 2084 2620 3866">
     <span class='ocr_line' id='line_1_16' title="bbox 646 2084 2611 2176; baseline 0.001 -27"><span class='ocrx_word' id='word_1_125' title='bbox 646 2087 752 2149; x_wconf 91' lang='lat'>111.</span> <span class='ocrx_word' id='word_1_126' title='bbox 809 2084 875 2150; x_wconf 91' lang='lat' dir='ltr'><strong>Si</strong></span> <span class='ocrx_word' id='word_1_127' title='bbox 907 2105 1020 2150; x_wconf 90' lang='lat' dir='ltr'><strong>nos</strong></span> <span class='ocrx_word' id='word_1_128' title='bbox 1051 2086 1340 2151; x_wconf 86' lang='lat' dir='ltr'><strong>socordia</strong></span> <span class='ocrx_word' id='word_1_129' title='bbox 1373 2108 1503 2151; x_wconf 89' lang='lat' dir='ltr'><strong>non</strong></span> <span class='ocrx_word' id='word_1_130' title='bbox 1537 2085 1976 2160; x_wconf 75' lang='lat' dir='ltr'><strong>dissolvamur,</strong></span> <span class='ocrx_word' id='word_1_131' title='bbox 2002 2107 2121 2152; x_wconf 91' lang='lat' dir='ltr'><strong>nec</strong></span> <span class='ocrx_word' id='word_1_132' title='bbox 2160 2086 2399 2176; x_wconf 87' lang='lat' dir='ltr'><strong>pabula</strong></span> <span class='ocrx_word' id='word_1_133' title='bbox 2429 2106 2611 2173; x_wconf 80' lang='lat' dir='ltr'><strong>prae-</strong></span> 
     </span>
     <span class='ocr_line' id='line_1_17' title="bbox 559 2190 2605 2281; baseline -0 -24"><span class='ocrx_word' id='word_1_134' title='bbox 559 2191 821 2257; x_wconf 85' lang='lat' dir='ltr'><strong>beamus</strong></span> <span class='ocrx_word' id='word_1_135' title='bbox 843 2190 1277 2280; x_wconf 75' lang='lat' dir='ltr'><strong>incompositis</strong></span> <span class='ocrx_word' id='word_1_136' title='bbox 1302 2191 1792 2281; x_wconf 85' lang='lat' dir='ltr'><strong>cogitationibus</strong></span> <span class='ocrx_word' id='word_1_137' title='bbox 1812 2191 2107 2266; x_wconf 79' lang='lat' dir='ltr'><strong>malitiae3</strong></span> <span class='ocrx_word' id='word_1_138' title='bbox 2144 2194 2257 2256; x_wconf 86' lang='lat' dir='ltr'><strong>sed</strong></span> <span class='ocrx_word' id='word_1_139' title='bbox 2278 2192 2605 2257; x_wconf 83' lang='lat' dir='ltr'><strong>voluntate</strong></span> 
     </span>
     <span class='ocr_line' id='line_1_18' title="bbox 559 2294 2603 2384; baseline 0 -23"><span class='ocrx_word' id='word_1_140' title='bbox 559 2306 776 2361; x_wconf 87' lang='lat' dir='ltr'><strong>nostra</strong></span> <span class='ocrx_word' id='word_1_141' title='bbox 806 2295 1131 2361; x_wconf 81' lang='lat' dir='ltr'><strong>trahamus</strong></span> <span class='ocrx_word' id='word_1_142' title='bbox 1158 2297 1468 2370; x_wconf 85' lang='lat' dir='ltr'><strong>animum,</strong></span> <span class='ocrx_word' id='word_1_143' title='bbox 1501 2308 1565 2360; x_wconf 89' lang='lat' dir='ltr'><strong>et</strong></span> <span class='ocrx_word' id='word_1_144' title='bbox 1596 2297 2051 2384; x_wconf 89' lang='lat' dir='ltr'><strong>compellamus</strong></span> <span class='ocrx_word' id='word_1_145' title='bbox 2087 2294 2501 2383; x_wconf 85' lang='lat' dir='ltr'><strong>cogitationes</strong></span> <span class='ocrx_word' id='word_1_146' title='bbox 2523 2300 2603 2363; x_wconf 85' lang='lat' dir='ltr'><strong>ad</strong></span> 
     </span>
     <span class='ocr_line' id='line_1_19' title="bbox 515 2398 2604 2490; baseline 0 -22"><span class='ocrx_word' id='word_1_147' title='bbox 515 2457 526 2472; x_wconf 31' lang='grc' dir='ltr'>ι</span> <span class='ocrx_word' id='word_1_148' title='bbox 563 2399 948 2480; x_wconf 81' lang='lat' dir='ltr'><strong>Dominum3</strong></span> <span class='ocrx_word' id='word_1_149' title='bbox 1000 2398 1196 2466; x_wconf 87' lang='lat' dir='ltr'><strong>dubio</strong></span> <span class='ocrx_word' id='word_1_150' title='bbox 1242 2401 1469 2490; x_wconf 87' lang='lat' dir='ltr'><strong>procul</strong></span> <span class='ocrx_word' id='word_1_151' title='bbox 1508 2398 1818 2467; x_wconf 83' lang='lat' dir='ltr'><strong>Dominus</strong></span> <span class='ocrx_word' id='word_1_152' title='bbox 1850 2409 2073 2489; x_wconf 88' lang='lat' dir='ltr'><strong>sponte</strong></span> <span class='ocrx_word' id='word_1_153' title='bbox 2116 2420 2229 2464; x_wconf 86' lang='lat' dir='ltr'><strong>sua</strong></span> <span class='ocrx_word' id='word_1_154' title='bbox 2256 2399 2488 2486; x_wconf 67' lang='lat' dir='ltr'><strong>,veniet</strong></span> <span class='ocrx_word' id='word_1_155' title='bbox 2523 2401 2604 2468; x_wconf 90' lang='lat' dir='ltr'><strong>ad</strong></span> 
     </span>
     <span class='ocr_line' id='line_1_20' title="bbox 565 2499 2604 2596; baseline 0 -23"><span class='ocrx_word' id='word_1_156' title='bbox 565 2499 717 2592; x_wconf 69' lang='lat' dir='ltr'><strong>nos,</strong></span> <span class='ocrx_word' id='word_1_157' title='bbox 767 2526 834 2575; x_wconf 89' lang='lat' dir='ltr'><strong>et</strong></span> <span class='ocrx_word' id='word_1_158' title='bbox 871 2532 1090 2574; x_wconf 85' lang='lat' dir='ltr'><strong>revera</strong></span> <span class='ocrx_word' id='word_1_159' title='bbox 1121 2507 1535 2596; x_wconf 82' lang='lat' dir='ltr'><strong>congregabit</strong></span> <span class='ocrx_word' id='word_1_160' title='bbox 1561 2528 1678 2572; x_wconf 87' lang='lat' dir='ltr'><strong>nos</strong></span> <span class='ocrx_word' id='word_1_161' title='bbox 1711 2505 1790 2572; x_wconf 88' lang='lat' dir='ltr'><strong>ad</strong></span> <span class='ocrx_word' id='word_1_162' title='bbox 1822 2529 1887 2572; x_wconf 77' lang='lat' dir='ltr'><strong>se</strong></span> <span class='ocrx_word' id='word_1_163' title='bbox 1914 2504 2146 2596; x_wconf 87' lang='lat' dir='ltr'><strong>ipsum.</strong></span> <span class='ocrx_word' id='word_1_164' title='bbox 2182 2505 2406 2572; x_wconf 86' lang='lat' dir='ltr'><strong>Omnis</strong></span> <span class='ocrx_word' id='word_1_165' title='bbox 2435 2508 2604 2574; x_wconf 90' lang='lat' dir='ltr'><strong>enim</strong></span> 
     </span>
     <span class='ocr_line' id='line_1_21' title="bbox 566 2610 2593 2699; baseline -0.001 -19"><span class='ocrx_word' id='word_1_166' title='bbox 566 2613 1029 2699; x_wconf 87' lang='lat' dir='ltr'><strong>complacentia</strong></span> <span class='ocrx_word' id='word_1_167' title='bbox 1075 2623 1139 2676; x_wconf 89' lang='lat' dir='ltr'><strong>et</strong></span> <span class='ocrx_word' id='word_1_168' title='bbox 1183 2610 1607 2676; x_wconf 90' lang='lat' dir='ltr'><strong>ministerium</strong></span> <span class='ocrx_word' id='word_1_169' title='bbox 1652 2612 1717 2675; x_wconf 89' lang='lat' dir='ltr'><strong>in</strong></span> <span class='ocrx_word' id='word_1_170' title='bbox 1757 2611 2243 2698; x_wconf 81' lang='lat' dir='ltr'><strong>cogitationibus</strong></span> <span class='ocrx_word' id='word_1_171' title='bbox 2293 2612 2593 2678; x_wconf 87' lang='lat' dir='ltr'><strong>consistit.</strong></span> 
     </span>
     <span class='ocr_line' id='line_1_22' title="bbox 571 2713 2604 2807; baseline 0.002 -27"><span class='ocrx_word' id='word_1_172' title='bbox 571 2717 891 2797; x_wconf 83' lang='lat' dir='ltr'><strong>Quocirca</strong></span> <span class='ocrx_word' id='word_1_173' title='bbox 923 2716 1274 2787; x_wconf 88' lang='lat' dir='ltr'><strong>contende,</strong></span> <span class='ocrx_word' id='word_1_174' title='bbox 1329 2726 1401 2779; x_wconf 93' lang='lat' dir='ltr'><strong>ut</strong></span> <span class='ocrx_word' id='word_1_175' title='bbox 1432 2713 1683 2800; x_wconf 86' lang='lat' dir='ltr'><strong>placeas</strong></span> <span class='ocrx_word' id='word_1_176' title='bbox 1718 2716 2033 2793; x_wconf 89' lang='lat' dir='ltr'><strong>Domino,</strong></span> <span class='ocrx_word' id='word_1_177' title='bbox 2077 2729 2414 2807; x_wconf 84' lang='lat' dir='ltr'><strong>expectans</strong></span> <span class='ocrx_word' id='word_1_178' title='bbox 2456 2740 2604 2783; x_wconf 89' lang='lat' dir='ltr'><strong>eum</strong></span> 
     </span>
     <span class='ocr_line' id='line_1_23' title="bbox 570 2811 2606 2913; baseline 0.003 -29"><span class='ocrx_word' id='word_1_179' title='bbox 570 2811 879 2913; x_wconf 76' lang='lat' dir='ltr'><strong>perpetuo</strong></span> <span class='ocrx_word' id='word_1_180' title='bbox 912 2818 1201 2891; x_wconf 86' lang='lat' dir='ltr'><strong>interius,</strong></span> <span class='ocrx_word' id='word_1_181' title='bbox 1230 2816 1517 2903; x_wconf 51' lang='lat' dir='ltr'><strong>quaerens</strong></span> <span class='ocrx_word' id='word_1_182' title='bbox 1539 2841 1687 2884; x_wconf 91' lang='lat' dir='ltr'><strong>eum</strong></span> <span class='ocrx_word' id='word_1_183' title='bbox 1717 2817 1781 2884; x_wconf 88' lang='lat' dir='ltr'><strong>in</strong></span> <span class='ocrx_word' id='word_1_184' title='bbox 1811 2819 2323 2910; x_wconf 84' lang='lat' dir='ltr'><strong>cogitationibus,</strong></span> <span class='ocrx_word' id='word_1_185' title='bbox 2340 2836 2405 2894; x_wconf 87' lang='lat' dir='ltr'><strong>et</strong></span> <span class='ocrx_word' id='word_1_186' title='bbox 2436 2847 2606 2891; x_wconf 89' lang='lat' dir='ltr'><strong>com-</strong></span> 
     </span>
     <span class='ocr_line' id='line_1_24' title="bbox 572 2917 2605 3015; baseline 0.001 -25"><span class='ocrx_word' id='word_1_187' title='bbox 572 2927 813 3015; x_wconf 86' lang='lat' dir='ltr'><strong>pellens</strong></span> <span class='ocrx_word' id='word_1_188' title='bbox 836 2936 1024 3011; x_wconf 75' lang='lat' dir='ltr'><strong>atque</strong></span> <span class='ocrx_word' id='word_1_189' title='bbox 1046 2921 1307 3012; x_wconf 75' lang='lat' dir='ltr'><strong>adigens</strong></span> <span class='ocrx_word' id='word_1_190' title='bbox 1337 2935 1514 2988; x_wconf 90' lang='lat' dir='ltr'><strong>tuam</strong></span> <span class='ocrx_word' id='word_1_191' title='bbox 1552 2922 1746 3013; x_wconf 90' lang='lat' dir='ltr'><strong>ipsius</strong></span> <span class='ocrx_word' id='word_1_192' title='bbox 1762 2967 1767 2972; x_wconf 82' lang='lat'><em>-</em></span> <span class='ocrx_word' id='word_1_193' title='bbox 1784 2929 2176 2994; x_wconf 79' lang='lat' dir='ltr'><strong>voluntatem</strong></span> <span class='ocrx_word' id='word_1_194' title='bbox 2201 2941 2384 3015; x_wconf 83' lang='lat' dir='ltr'><strong>atque</strong></span> <span class='ocrx_word' id='word_1_195' title='bbox 2403 2917 2605 2994; x_wconf 69' lang='lat' dir='ltr'><strong>Inten-</strong></span> 
     </span>
     <span class='ocr_line' id='line_1_25' title="bbox 572 3026 2607 3123; baseline 0.001 -27"><span class='ocrx_word' id='word_1_196' title='bbox 572 3026 811 3097; x_wconf 65' lang='lat' dir='ltr'><strong>&#39;tionem</strong></span> <span class='ocrx_word' id='word_1_197' title='bbox 834 3078 852 3103; x_wconf 90' lang='lat'><strong>,</strong></span> <span class='ocrx_word' id='word_1_198' title='bbox 900 3041 971 3093; x_wconf 90' lang='lat' dir='ltr'><strong>ut</strong></span> <span class='ocrx_word' id='word_1_199' title='bbox 999 3028 1064 3093; x_wconf 90' lang='lat' dir='ltr'><strong>in</strong></span> <span class='ocrx_word' id='word_1_200' title='bbox 1098 3051 1246 3096; x_wconf 80' lang='lat' dir='ltr'><strong>eum</strong></span> <span class='ocrx_word' id='word_1_201' title='bbox 1285 3041 1593 3119; x_wconf 88' lang='lat' dir='ltr'><strong>perpetuo</strong></span> <span class='ocrx_word' id='word_1_202' title='bbox 1622 3030 1957 3099; x_wconf 87' lang='lat' dir='ltr'><strong>intendant</strong></span> <span class='ocrx_word' id='word_1_203' title='bbox 1993 3057 2009 3100; x_wconf 78' lang='lat' dir='ltr'><strong><em>z</em></strong></span> <span class='ocrx_word' id='word_1_204' title='bbox 2046 3047 2111 3100; x_wconf 88' lang='lat' dir='ltr'><strong>et</strong></span> <span class='ocrx_word' id='word_1_205' title='bbox 2142 3033 2442 3123; x_wconf 81' lang='lat' dir='ltr'><strong>expende,</strong></span> <span class='ocrx_word' id='word_1_206' title='bbox 2476 3054 2607 3121; x_wconf 82' lang='lat' dir='ltr'><strong>qua</strong></span> 
     </span>
     <span class='ocr_line' id='line_1_26' title="bbox 573 3131 2607 3228; baseline 0.003 -27"><span class='ocrx_word' id='word_1_207' title='bbox 573 3134 822 3204; x_wconf 79' lang='lat' dir='ltr'><strong>ratione</strong></span> <span class='ocrx_word' id='word_1_208' title='bbox 847 3134 1025 3206; x_wconf 46' lang='lat' dir='ltr'><strong>rvenit</strong></span> <span class='ocrx_word' id='word_1_209' title='bbox 1064 3131 1146 3199; x_wconf 84' lang='lat' dir='ltr'><strong>ad</strong></span> <span class='ocrx_word' id='word_1_210' title='bbox 1179 3147 1268 3216; x_wconf 88' lang='lat' dir='ltr'><strong>te,</strong></span> <span class='ocrx_word' id='word_1_211' title='bbox 1308 3148 1376 3222; x_wconf 87' lang='lat' dir='ltr'><strong>et</strong></span> <span class='ocrx_word' id='word_1_212' title='bbox 1404 3136 1798 3202; x_wconf 88' lang='lat' dir='ltr'><strong>mansionem</strong></span> <span class='ocrx_word' id='word_1_213' title='bbox 1828 3139 1980 3207; x_wconf 81' lang='lat' dir='ltr'><strong>facit</strong></span> <span class='ocrx_word' id='word_1_214' title='bbox 2023 3143 2190 3228; x_wconf 84' lang='lat' dir='ltr'><strong>apud</strong></span> <span class='ocrx_word' id='word_1_215' title='bbox 2229 3152 2310 3207; x_wconf 88' lang='lat' dir='ltr'><strong>te.</strong></span> <span class='ocrx_word' id='word_1_216' title='bbox 2353 3140 2607 3219; x_wconf 86' lang='lat' dir='ltr'><strong>Quanto</strong></span> 
     </span>
     <span class='ocr_line' id='line_1_27' title="bbox 575 3239 2607 3336; baseline 0.002 -29"><span class='ocrx_word' id='word_1_217' title='bbox 575 3239 745 3307; x_wconf 86' lang='lat' dir='ltr'><strong>enim</strong></span> <span class='ocrx_word' id='word_1_218' title='bbox 778 3240 977 3331; x_wconf 87' lang='lat' dir='ltr'><strong>magis</strong></span> <span class='ocrx_word' id='word_1_219' title='bbox 1024 3239 1265 3328; x_wconf 88' lang='lat' dir='ltr'><strong>colligis</strong></span> <span class='ocrx_word' id='word_1_220' title='bbox 1303 3240 1587 3305; x_wconf 74' lang='lat' dir='ltr'><strong>animum</strong></span> <span class='ocrx_word' id='word_1_221' title='bbox 1631 3254 1815 3309; x_wconf 89' lang='lat' dir='ltr'><strong>tuum</strong></span> <span class='ocrx_word' id='word_1_222' title='bbox 1860 3247 1940 3311; x_wconf 88' lang='lat' dir='ltr'><strong>ad</strong></span> <span class='ocrx_word' id='word_1_223' title='bbox 1982 3269 2130 3312; x_wconf 91' lang='lat' dir='ltr'><strong>eum</strong></span> <span class='ocrx_word' id='word_1_224' title='bbox 2169 3247 2607 3336; x_wconf 84' lang='lat' dir='ltr'><strong>quaerendum.</strong></span> 
     </span>
     <span class='ocr_line' id='line_1_28' title="bbox 573 3344 2615 3440; baseline 0.001 -28"><span class='ocrx_word' id='word_1_225' title='bbox 573 3356 754 3412; x_wconf 82' lang='lat' dir='ltr'><strong>tanto</strong></span> <span class='ocrx_word' id='word_1_226' title='bbox 781 3345 979 3436; x_wconf 85' lang='lat' dir='ltr'><strong>magis</strong></span> <span class='ocrx_word' id='word_1_227' title='bbox 1008 3344 1141 3433; x_wconf 87' lang='lat' dir='ltr'><strong>ipse</strong></span> <span class='ocrx_word' id='word_1_228' title='bbox 1171 3345 1591 3433; x_wconf 86' lang='lat' dir='ltr'><strong>compelletur</strong></span> <span class='ocrx_word' id='word_1_229' title='bbox 1623 3370 1659 3413; x_wconf 89' lang='lat' dir='ltr'><strong>a</strong></span> <span class='ocrx_word' id='word_1_230' title='bbox 1680 3349 1935 3440; x_wconf 88' lang='lat' dir='ltr'><strong>propria</strong></span> <span class='ocrx_word' id='word_1_231' title='bbox 1964 3351 2398 3418; x_wconf 89' lang='lat' dir='ltr'><strong>misericordia</strong></span> <span class='ocrx_word' id='word_1_232' title='bbox 2424 3364 2615 3440; x_wconf 88' lang='lat' dir='ltr'><strong>atque</strong></span> 
     </span>
     <span class='ocr_line' id='line_1_29' title="bbox 576 3443 2613 3572; baseline 0.001 -55.001"><span class='ocrx_word' id='word_1_233' title='bbox 576 3443 998 3572; x_wconf 80' lang='lat' dir='ltr'><strong>benignitate,</strong></span> <span class='ocrx_word' id='word_1_234' title='bbox 1037 3461 1108 3514; x_wconf 90' lang='lat' dir='ltr'><strong>ut</strong></span> <span class='ocrx_word' id='word_1_235' title='bbox 1136 3447 1346 3524; x_wconf 83' lang='lat' dir='ltr'><strong>veniat</strong></span> <span class='ocrx_word' id='word_1_236' title='bbox 1382 3450 1464 3516; x_wconf 85' lang='lat' dir='ltr'><strong>ad</strong></span> <span class='ocrx_word' id='word_1_237' title='bbox 1503 3462 1603 3529; x_wconf 88' lang='lat' dir='ltr'><strong>te,</strong></span> <span class='ocrx_word' id='word_1_238' title='bbox 1652 3465 1717 3520; x_wconf 89' lang='lat' dir='ltr'><strong>et</strong></span> <span class='ocrx_word' id='word_1_239' title='bbox 1743 3467 1806 3520; x_wconf 93' lang='lat' dir='ltr'><strong>te</strong></span> <span class='ocrx_word' id='word_1_240' title='bbox 1844 3456 2171 3532; x_wconf 74' lang='lat' dir='ltr'><strong>refocillet.</strong></span> <span class='ocrx_word' id='word_1_241' title='bbox 2221 3457 2412 3524; x_wconf 84' lang='lat' dir='ltr'><strong>Fixus</strong></span> <span class='ocrx_word' id='word_1_242' title='bbox 2443 3455 2613 3521; x_wconf 89' lang='lat' dir='ltr'><strong>enim</strong></span> 
     </span>
     <span class='ocr_line' id='line_1_30' title="bbox 576 3546 2609 3650; baseline 0.002 -29.002"><span class='ocrx_word' id='word_1_243' title='bbox 576 3546 861 3621; x_wconf 87' lang='lat' dir='ltr'><strong>intuetur</strong></span> <span class='ocrx_word' id='word_1_244' title='bbox 913 3567 1195 3620; x_wconf 88' lang='lat' dir='ltr'><strong>mentem</strong></span> <span class='ocrx_word' id='word_1_245' title='bbox 1247 3566 1460 3633; x_wconf 83' lang='lat' dir='ltr'><strong>tuam,</strong></span> <span class='ocrx_word' id='word_1_246' title='bbox 1541 3561 1951 3650; x_wconf 85' lang='lat' dir='ltr'><strong>cogitationes</strong></span> <span class='ocrx_word' id='word_1_247' title='bbox 1997 3576 2065 3631; x_wconf 89' lang='lat' dir='ltr'><strong>et</strong></span> <span class='ocrx_word' id='word_1_248' title='bbox 2123 3561 2609 3635; x_wconf 82' lang='lat' dir='ltr'><strong>meditationes,</strong></span> 
     </span>
     <span class='ocr_line' id='line_1_31' title="bbox 584 3659 2620 3776; baseline 0 -48"><span class='ocrx_word' id='word_1_249' title='bbox 584 3659 1027 3756; x_wconf 88' lang='lat' dir='ltr'><strong>considerans</strong></span> <span class='ocrx_word' id='word_1_250' title='bbox 1070 3665 1388 3748; x_wconf 88' lang='lat' dir='ltr'><strong>quomodo</strong></span> <span class='ocrx_word' id='word_1_251' title='bbox 1422 3686 1666 3776; x_wconf 84' lang='lat' dir='ltr'><strong>quaeras</strong></span> <span class='ocrx_word' id='word_1_252' title='bbox 1698 3689 1883 3743; x_wconf 88' lang='lat' dir='ltr'><strong>eum,</strong></span> <span class='ocrx_word' id='word_1_253' title='bbox 1920 3680 1985 3734; x_wconf 93' lang='lat' dir='ltr'><strong>et</strong></span> <span class='ocrx_word' id='word_1_254' title='bbox 2025 3691 2105 3736; x_wconf 86' lang='lat' dir='ltr'><strong>an</strong></span> <span class='ocrx_word' id='word_1_255' title='bbox 2136 3693 2216 3737; x_wconf 86' lang='lat' dir='ltr'><strong>ex</strong></span> <span class='ocrx_word' id='word_1_256' title='bbox 2244 3681 2378 3736; x_wconf 85' lang='lat' dir='ltr'><strong>tota</strong></span> <span class='ocrx_word' id='word_1_257' title='bbox 2410 3666 2620 3732; x_wconf 84' lang='lat' dir='ltr'><strong>anima</strong></span> 
     </span>
     <span class='ocr_line' id='line_1_32' title="bbox 577 3749 2038 3880; baseline 0.004 -47.033"><span class='ocrx_word' id='word_1_258' title='bbox 577 3749 720 3880; x_wconf 75' lang='lat' dir='ltr'><strong>tua,</strong></span> <span class='ocrx_word' id='word_1_259' title='bbox 748 3787 831 3874; x_wconf 87' lang='lat' dir='ltr'><strong>an</strong></span> <span class='ocrx_word' id='word_1_260' title='bbox 866 3787 993 3830; x_wconf 90' lang='lat' dir='ltr'><strong>non</strong></span> <span class='ocrx_word' id='word_1_261' title='bbox 1025 3767 1323 3856; x_wconf 81' lang='lat' dir='ltr'><strong>segniter,</strong></span> <span class='ocrx_word' id='word_1_262' title='bbox 1356 3791 1438 3840; x_wconf 80' lang='lat' dir='ltr'><strong>an</strong></span> <span class='ocrx_word' id='word_1_263' title='bbox 1468 3767 1598 3835; x_wconf 84' lang='grc' dir='ltr'>ιἰοιι</span> <span class='ocrx_word' id='word_1_264' title='bbox 1628 3771 2038 3866; x_wconf 84' lang='lat' dir='ltr'><strong>negligenter.</strong></span> 
     </span>
    </p>
   </div>
   <div class='ocr_carea' id='block_1_3' title="bbox 581 3900 2623 4106">
    <p class='ocr_par' dir='ltr' id='par_1_4' title="bbox 581 3900 2623 4077">
     <span class='ocr_line' id='line_1_33' title="bbox 581 3900 2623 4074; baseline -0.004 -96"><span class='ocrx_word' id='word_1_265' title='bbox 581 3949 614 3986; x_wconf 60' lang='lat'><em>1</em></span> <span class='ocrx_word' id='word_1_266' title='bbox 626 3925 636 3982; x_wconf 78' lang='grc' dir='ltr'><strong>ῑ</strong></span> <span class='ocrx_word' id='word_1_267' title='bbox 676 3900 814 3980; x_wconf 79' lang='lat' dir='ltr'><strong>IV·</strong></span> <span class='ocrx_word' id='word_1_268' title='bbox 835 3901 922 3982; x_wconf 72' lang='lat' dir='ltr'><strong>Et,</strong></span> <span class='ocrx_word' id='word_1_269' title='bbox 953 3901 1087 3980; x_wconf 81' lang='lat' dir='ltr'><strong>ubi</strong></span> <span class='ocrx_word' id='word_1_270' title='bbox 1099 3901 1329 3969; x_wconf 80' lang='lat' dir='ltr'><strong>viderit</strong></span> <span class='ocrx_word' id='word_1_271' title='bbox 1366 3902 1753 4074; x_wconf 77' lang='lat' dir='ltr'><strong>diligentiam</strong></span> <span class='ocrx_word' id='word_1_272' title='bbox 1798 3919 2017 3986; x_wconf 73' lang='lat' dir='ltr'><strong>mam,</strong></span> <span class='ocrx_word' id='word_1_273' title='bbox 2062 3910 2126 3979; x_wconf 88' lang='lat' dir='ltr'><strong>in</strong></span> <span class='ocrx_word' id='word_1_274' title='bbox 2162 3933 2243 3978; x_wconf 87' lang='lat' dir='ltr'><strong>eo</strong></span> <span class='ocrx_word' id='word_1_275' title='bbox 2278 3905 2623 3998; x_wconf 68' lang='lat' dir='ltr'><strong>quaerendo</strong></span> 
     </span>
     <span class='ocr_line' id='line_1_34' title="bbox 663 4004 1548 4106; baseline -0.002 -43.901"><span class='ocrx_word' id='word_1_276' title='bbox 663 4004 822 4068; x_wconf 72' lang='lat' dir='ltr'><strong>&#39;lui</strong></span> <span class='ocrx_word' id='word_1_277' title='bbox 845 4022 952 4074; x_wconf 63' lang='lat' dir='ltr'><strong>xix,</strong></span> <span class='ocrx_word' id='word_1_278' title='bbox 979 4007 1548 4106; x_wconf 62' lang='lat' dir='ltr'><strong>31.-·l&gt;eut·v1¹‚27.</strong></span> 
     </span>
    </p>
   </div>
  </div>
 </body>
</html>
