2982 4885
955 522 1135 568 uana
1181 525 1259 570 nr.
1308 527 1675 583 uaennsuus.
2214 514 2348 607 609

302 643 436 708 haec
450 641 856 709 Testamenta
873 640 1298 727 accipiuntur,
1321 646 1482 731 legis
1491 659 1558 711 et
1569 645 2059 737 Prophetarum,
2081 658 2342 723 astantia

298 745 607 820 Domino:
658 744 822 810 sicut
872 745 1171 815 viderunt
1213 747 1282 819 in
1319 762 1540 837 monte
1569 749 1886 839 Apostoli,
1925 767 2203 824 attamen
2240 784 2344 826 ra·-

299 850 488 917 tionis
519 850 676 926 crit,
711 849 886 938 quod
915 864 979 916 et
1008 854 1140 919 duo
1167 852 1464 919 animalia
1519 856 1928 945 intelligenda
1980 875 2126 929 sunt
2165 887 2351 931 man—

303 955 520 1020 datum
553 955 837 1044 primum
885 942 1060 1043 qnod
1101 956 1320 1021 datum
1365 969 1490 1033 est,
1538 962 1710 1045 quod
1742 973 1807 1026 et
1837 964 2117 1050 spiritale
2144 983 2355 1057 potest

299 1058 604 1148 intelligi,
655 1072 726 1124 ut
765 1059 1074 1147 scriptum
1114 1072 1243 1135 est,
1291 1063 1465 1148 quod
1508 1074 1571 1126 et
1620 1063 1910 1157 Salvator
1956 1092 2087 1135 non
2131 1077 2346 1151 solvit,

301 1167 412 1230 sed
445 1156 844 1231 confirmavit
874 1166 1104 1259 potius.
1170 1166 1540 1233 Secundum
1585 1183 1798 1238 autem
1848 1177 2082 1245 animal
2109 1182 2353 1248 doctri·

300 1291 448 1335 nam
476 1269 743 1344 Christi,
778 1269 845 1334 id
873 1282 1002 1345 est,
1039 1268 1232 1335 fidem
1263 1271 1403 1358 ejus
1434 1285 1502 1338 et
1522 1274 1790 1361 gratiam
1824 1278 2352 1370 incorporationis

257 1422 264 1425 -
301 1388 367 1441 et
395 1374 790 1449 testamenti,
821 1375 1256 1462 passionisque
1284 1376 1426 1464 ejus
1449 1427 1466 1452 ,
1503 1390 1568 1444 et
1598 1384 2084 1451 resurrectionis
2110 1403 2354 1476 myste-

302 1479 473 1547 rium
503 1479 891 1544 continebat.
925 1480 1106 1545 Unde
1129 1481 1230 1546 lex
1252 1481 1477 1547 litteroe
1504 1483 1570 1547 in
1591 1486 1806 1551 medio
1830 1500 1926 1553 est
1956 1491 2159 1577 posita
2190 1494 2357 1559 inter

302 1585 674 1649 mandatum
697 1596 763 1649 et
793 1585 1058 1672 gratiam
1078 1633 1095 1659 ,
1122 1607 1264 1673 qnae
1293 1587 1345 1651 si
1370 1586 1743 1678 intelligitur
1777 1593 1854 1656 <le
1880 1591 2133 1660 Christo
2152 1647 2170 1673 ,
2207 1618 2357 1664 con-

305 1701 602 1761 sentanea
634 1690 698 1754 in
730 1690 946 1755 multis
990 1690 1346 1777 accipitur3
1382 1692 1432 1756 si
1472 1705 1688 1758 autem
1733 1695 1796 1760 in
1841 1699 2080 1763 carnali
2122 1700 2359 1787 justifi-

305 1793 556 1860 catione
585 1793 725 1882 quis
754 1795 979 1860 salvari
1000 1795 1353 1885 putaverit,
1383 1797 1743 1884 abjicienda
1774 1800 2142 1868 decernitur
2161 1852 2179 1879 ,
2207 1827 2357 1872 cum

307 1898 383 1962 de
414 1899 635 1974 Patre,
673 1912 738 1965 et
769 1899 818 1966 F
823 1899 966 1974 ilio,
1010 1911 1074 1965 et
1105 1913 1328 1965 sancto
1361 1899 1602 1989 Spiritu
1644 1915 1788 1968 ante
1829 1906 2073 1994 legem,
2120 1909 2185 1979 id
2217 1923 2351 1987 est,

306 2016 450 2067 ante
504 2002 621 2068 tria
678 2003 875 2069 millia
931 2027 1246 2075 annorum
1270 2054 1289 2080 ,
1343 2018 1408 2071 et
1468 2007 1901 2095 septingentos
1940 2032 2172 2089 annos,
2207 2013 2361 2101 justi

304 2107 546 2192 priores
581 2108 671 2171 illi
703 2107 820 2170 sub
859 2109 1158 2172 mandato
1209 2107 1522 2181 viventes,
1573 2133 1646 2173 ac
1684 2111 1938 2178 beatam
1976 2116 2353 2186 Trinitatem

308 2210 625 2284 colentes,
680 2219 746 2269 et
795 2209 923 2269 suis
976 2207 1121 2270 filiis
1172 2211 1528 2282 tradentes,
1579 2215 1991 2302 cognatisque
2035 2221 2099 2283 et'
2131 2227 2347 2290 saeculi

305 2292 761 2399 praedicabant,
788 2308 1289 2398 mysteriumque
1323 2310 1559 2375 Christi
1588 2312 1844 2380 Domini
1873 2319 1952 2382 de
1990 2318 2125 2409 ipso
2158 2346 2354 2391 man--

308 2417 455 2481 dato
518 2412 954 2502 antiquissimo
1014 2412 1441 2479 nuntiabatur.
1517 2411 1648 2480 Lex
1720 2416 1934 2508 itaquo
1998 2425 2346 2497 admonitio

306 2520 590 2586 mandati
619 2533 745 2596 est,
773 2543 916 2608 quae
939 2532 1004 2594 ct
1028 2519 1442 2608 conjungitur
1462 2522 1815 2588 secundum
1843 2523 2036 2592 fidem
2067 2533 2349 2602 colendae

305 2624 662 2701 Trinitatis,
697 2638 762 2689 et
784 2624 1015 2690 iterum
1043 2636 1421 2712 separantur
1442 2625 1736 2712 quoedam
1769 2629 1911 2715 ejus
1937 2631 2202 2723 propter
2239 2639 2350 2725 ju-

311 2731 554 2797 daleam
586 2743 652 2796 et
682 2731 1001 2795 carnalem
1030 2727 1546 2816 justificationem
1566 2754 1771 2807 ,cum
1801 2748 1866 2802 et
1886 2737 2214 2828 Prophctae
2241 2745 2344 2812 illa

312 2836 733 2902 destruxerint
767 2847 950 2901 antea
970 2885 988 2912 ,
1022 2848 1088 2901 et
1117 2834 1403 2901 Salvator
1434 2825 1771 2925 abjecerit,
1813 2854 1878 2908 et
1911 2840 2199 2932 Apostoli
2232 2873 2346 2917 ve-

307 2940 544 3006 tuerint
565 2939 936 3005 eircumcidi
959 2939 1269 3010 homines.
1305 2938 1433 3005 ch
1452 2941 1664 3028 itaque
1696 2945 1774 3008 de
1797 2950 2122 3027 mandato,
2152 2974 2342 3023 causa

306 3056 571 3134 cogente
589 3046 848 3121 carnali,
877 3045 1201 3110 descendit
1221 3046 1298 3109 ad
1313 3058 1585 3134 tempus.
1611 3047 1826 3114 Gratia
1844 3066 2055 3138 autem
2075 3057 2335 3138 Christi,

308 3145 374 3210 id
390 3162 507 3222 est,
526 3151 897 3236 mysterium
918 3150 1471 3239 incorporationis,
1503 3163 1567 3215 et
1581 3154 1909 3244 passionis,
1930 3171 1994 3222 et
2011 3182 2338 3230 resurrec-

308 3250 532 3322 tionis,
568 3247 842 3335 fideiq'ue
875 3256 1011 3336 eius
1048 3268 1114 3321 et
1145 3256 1524 3321 ascensionis
1550 3255 1615 3321 in
1631 3259 1865 3323 coelum
1895 3275 2039 3328 ante
2060 3255 2266 3354 legem
2300 3293 2336 3336 ι

303 3354 489 3444 justis
533 3352 827 3418 omnibus
880 3361 1286 3437 noscebatur,
1339 3363 1802 3451 quaerentibus,
1838 3380 1904 3433 et
1941 3370 2336 3460 capientibus
2394 3406 2398 3410 ·

195 3494 204 3501 ·
302 3483 433 3527 non
457 3460 805 3533 celabatur,
832 3458 1139 3523 utEnoeh
1161 3509 1177 3533 ‚
1204 3462 1369 3537 Nos,
1394 3478 1458 3530 et
1479 3467 1942 3539 Melchisedech
1963 3521 1982 3550 ,
2008 3488 2074 3541 et
2096 3474 2326 3558 Jacob,

301 3578 368 3631 et
412 3565 546 3630 aliis
584 3563 769 3651 justis
815 3583 890 3627 ac
936 3561 1310 3628 beatissimis
1366 3564 1776 3650 patriarchis,
1825 3571 1899 3641 eff
1934 3583 2177 3649 caeteris
2222 3587 2334 3673 qui

301 3682 449 3736 ante
493 3671 696 3757 legem
735 3667 923 3733 Mosis
965 3666 1285 3743 vixerant,
1330 3668 1447 3733 sul)
1494 3676 1789 3741 mandato
1821 3681 2063 3750 scilicet
2090 3689 2330 3757 consti-

301 3775 457 3849 tuti,
492 3787 680 3861 atquo
701 3773 766 3839 in
796 3771 1088 3838 omnibus
1118 3771 1442 3860 justificati
1476 3796 1509 3838 a
1534 3775 1825 3846 Domino.
1858 3783 1987 3851 Lex
2015 3803 2228 3859 autem
2259 3808 2327 3861 et

297 3877 458 3947 fides
490 3879 725 3947 Christi
756 3878 1026 3955 dicitur,
1072 3890 1146 3945 ut
1184 3878 1271 3944 ait
1298 3879 1680 3968 Apostolus:
1717 3910 1741 3943 ι
1763 3883 1886 3951 Per
1927 3889 2133 3980 legem
2177 3895 2326 3964 fidei

520 4047 734 4092 xavm.
1814 4046 1824 4055 '
2021 4038 2107 4123 39
