2982 4885
151 4543 373 4692 fn*

584 440 623 509 5
640 442 718 517 ¹4
1326 402 1331 405 .
1369 454 1419 498 s.
1474 453 1821 500 murm

480 594 485 597 x
584 592 721 647 mm
755 576 1021 663 implere
1050 584 1392 661 putantes:
1439 598 1465 632 ι
1500 571 1937 639 Ναεοίωἰηῖει
1968 573 2547 662 multiplicamini¹.
2576 607 2607 642 ι

580 683 909 748 «Iudaismo
975 679 1188 768 potius
1245 689 1312 743 et
1365 677 1708 766 paganitati
1763 700 1988 767 parere
2033 681 2319 747 nefandae
2352 731 2371 758 ,
2428 707 2622 771 quam

583 786 938 853 christianae
968 783 1215 849 veritati
1246 782 1650 873 acquiescere
1677 796 2127 872 properantes,
2168 790 2622 877 pecudumque

581 892 790 980 potius
827 890 1022 955 vitam
1051 902 1117 954 et
1147 888 1490 954 amentiam
1527 888 1883 954 detinentes
1911 939 1929 965 ,
1980 912 2144 978 quos
2179 905 2246 957 et
2289 891 2614 982 Scriptura

478 986 491 994 ’
585 998 730 1064 vitaz
757 998 1079 1086 pecudum
1101 994 1544 1083 comparavit².
1603 1016 1614 1021 ’

924 1214 1099 1264 XXX.
1139 1210 1232 1262 DE
1264 1212 1653 1264 Pasan'rls
1690 1212 1908 1265 FEs'ro
1943 1215 2275 1268 nAEnsssrs.

677 1405 848 1473 Sum·
877 1415 945 1469 et
973 1401 1080 1491 qui
1112 1404 1192 1469 de
1216 1402 1318 1468 die
1348 1401 1604 1470 Paschae
1623 1398 2042 1471 saluberrima
2067 1409 2433 1498 ambigunt,
2464 1433 2618 1477 asse-

512 1512 533 1531 *
589 1522 801 1579 rentes
829 1506 1302 1598 quartadecima
1336 1510 1485 1574 luna
1516 1511 1968 1577 celebrandum
1997 1533 2134 1578 esse
2167 1512 2408 1582 Pascha
2437 1567 2455 1593 ,
2494 1503 2621 1585 non

591 1619 758 1683 sicut
789 1616 1070 1682 Ecclesia
1098 1615 1409 1683 catholica
1443 1617 1724 1684 celebrat
1743 1667 1762 1694 ,
1789 1630 2098 1684 otmense
2129 1619 2353 1687 Martio
2375 1630 2625 1716 semper

596 1723 1054 1788 celebrandum
1099 1734 1384 1786 asserunt
1419 1745 1435 1785 ε
1469 1733 1536 1786 et
1578 1744 1728 1788 cum
1777 1724 1899 1789 hoc
1943 1724 2186 1791 faciunt
2212 1776 2229 1800 .
2276 1729 2453 1796 diem
2501 1755 2626 1798 non

589 1826 995 1893 Dominicam
1025 1846 1275 1912 semper
1307 1826 1670 1891 custodiunt
1703 1828 1989 1903 Paschae,
2023 1852 2152 1896 non
2185 1836 2624 1922 computantes

596 1932 785 1997 boras
820 1942 888 1995 et
930 1929 1102 2004 dies,
1151 1931 1265 1994 sed
1299 1931 1615 2007 secunda,
1661 1945 1771 1997 aut
1805 1935 2023 2010 tertia,
2066 1949 2171 2001 aut
2206 1949 2458 2023 quarta,
2510 1952 2624 2006 aut

596 2035 818 2124 quinta
837 2083 856 2110 ,
893 2045 1005 2098 aut
1024 2044 1198 2098 sexta
1230 2032 1333 2098 die
1355 2034 1680 2100 celebrant
1702 2066 1719 2112 ,-
1747 2051 1917 2104 etex
1944 2038 2070 2105 hoc
2095 2062 2299 2106 errore
2322 2063 2449 2106 non
2474 2065 2624 2134 cog-

597 2151 872 2208 noscunt
907 2137 1077 2204 diem
1104 2137 1359 2204 Paschae
1394 2138 1651 2206 Domini
1682 2144 1883 2209 nostri
1929 2164 2174 2221 veram,
2213 2159 2280 2212 et
2305 2148 2630 2216 salubrem

602 2268 801 2321 uuam
838 2244 980 2311 orbi
1010 2257 1321 2311 terrarum
1344 2258 1642 2312 statutam
1665 2297 1684 2323 ,
1723 2262 1789 2313 et
1817 2247 2257 2316 confirmatam
2290 2276 2324 2317 a
2353 2253 2631 2323 Domino

610 2376 806 2421 cursu
849 2349 1161 2418 numerali
1204 2352 1369 2416 lunae
1414 2351 1737 2419 mensibus
1781 2365 1847 2420 et
1885 2354 2272 2422 embolismis
2297 2406 2319 2433 ‚
2373 2372 2440 2427 et
2486 2382 2633 2428 cum

605 2460 745 2526 haec
769 2480 903 2525 non
926 2468 1298 2547 computant
1313 2503 1333 2532 ,
1370 2457 1661 2545 ignorant
1690 2459 1844 2547 quid
1869 2460 2213 2527 celebrant.

1224 2676 1425 2730 xxx1.
1459 2675 2014 2740 cummanum.
2071 2693 2074 2696 Δ
2129 2655 2136 2660 ’

698 2870 856 2935 Anu
893 2879 989 2934 est
1025 2865 1278 2933 haeresis
1314 2864 1896 2943 chilionetitarum,
1944 2867 2008 2934 id
2051 2879 2184 2940 est.
2228 2865 2401 2932 mille
2442 2874 2634 2931 anno'-

601 3000 747 3045 rum
776 3022 796 3051 ,
850 2995 990 3062 quae
1031 2973 1224 3040 docet
1272 2972 1358 3038 ita
1394 2994 1410 3036 ε
1451 2971 1615 3037 Cum
1656 2973 1898 3039 venerit
1950 2972 2239 3050 Christus
2288 2975 2364 3038 de
2413 2971 2571 3035 coelo
2602 3018 2624 3044 ,

609 3073 793 3151 mille*
817 3075 966 3144 anni
995 3076 1084 3142 illi
1104 3089 1295 3142 erunt
1314 3076 1545 3141 iterum
1577 3076 1761 3142 nobis
1791 3077 2129 3144 carnaliter
2166 3078 2242 3142 ad
2268 3073 2629 3150 vivendum,

607 3188 1040 3280 generandum
1057 3233 1075 3259 ,
1107 3194 1174 3248 et
1210 3181 1726 3247 manducandum
1749 3231 1768 3258 ,
1795 3183 1961 3247 sicut
1991 3180 2066 3247 fit
2089 3204 2258 3250 nunc
2284 3181 2349 3245 in
2371 3177 2497 3244 boc
2529 3200 2636 3243 sae-

606 3298 756 3364 culo
778 3292 1089 3384 quotidie,
1125 3290 1483 3379 ignorantes
1506 3307 1720 3350 escam
1750 3288 2098 3361 coelestem,
2134 3287 2199 3350 id
2223 3297 2344 3358 cst,
2373 3284 2638 3348 immor-

598 3400 858 3469 talitatis
903 3400 1061 3466 illud
1091 3393 1421 3483 proemium
1458 3389 1806 3456 affuturum
1828 3439 1847 3465 ‚
1892 3413 2022 3456 nou
2052 3391 2176 3455 hoc
2214 3387 2534 3454 caducum
2571 3397 2641 3451 et

601 3490 958 3579 transiens,
1000 3523 1149 3568 cum
1182 3499 1493 3570 Dominus
1524 3499 1590 3563 in
1618 3497 1957 3586 Evangelio
1984 3495 2222 3562 Judaeis
2255 3494 2638 3582 quibusdam

598 3617 724 3682 hoc
757 3606 1224 3699 suspicantibus
1266 3630 1283 3669 t
1335 3632 1361 3665 ι
1401 3603 1957 3691 Nescitis,.inquit‚
2002 3602 2387 3689 Scripturas,
2421 3609 2485 3662 et
2514 3594 2640 3659 vir-

488 3781 493 3786 .
606 3731 856 3784 »tutem
886 3737 1108 3782 earum
1135 3711 1438 3802 ignoratis
1468 3732 1484 3774 ε
1522 3708 1765 3776 namin
1792 3709 1893 3775 die
1924 3707 2150 3796 judicii
2183 3728 2314 3772 non
2342 3702 2639 3778 nubent»,

595 3841 853 3908 »neque
894 3819 1244 3891 nubentur,
1286 3815 1399 3880 sed
1436 3825 1626 3880 erunt
1665 3812 1832 3879 sicut
1873 3810 2101 3901 Angeli
2132 3809 2178 3875 ⁸.
2212 3838 2239 3872 ι
2282 3808 2365 3874 Et
2405 3807 2640 3874 iterum

656 3986 679 4024 2
710 3972 837 4032 Gen.
867 3986 905 4032 ι,
934 3969 1016 4022 28.
1035 3997 1095 4009 —
1117 3985 1137 4008 ¹
1164 3987 1190 4019 a
1218 3969 1350 4020 Petr.
1377 3983 1434 4025 u.
1458 3984 1541 4021 aa.
1565 3992 1632 4007 —
1655 3968 1677 4003 ⁸
1702 3963 1879 4019 unuh.
1901 3977 2021 4020 nn,
2043 3978 2119 4028 ²9·
