2982 4885
246 4237 257 4246 r

176 4282 260 4343 ΛΔ
371 4280 477 4399 ἱ

582 4468 591 4475 ,

626 440 754 506 300
1310 451 1360 498 s-
1418 454 1681 500 uacum
1724 456 1992 500 zerra-n

626 590 693 643 et
721 576 965 654 deliciis
998 574 1192 660 hujus
1226 571 1477 646 saeculi,
1521 584 1655 636 tum
1696 571 2190 662 possessionibus
2213 621 2229 649 ‚
2266 586 2408 639 tum
2445 588 2660 663 patre,

623 695 761 750 tum
799 694 1035 756 matre,
1082 669 1338 746 Domibi
1383 677 1620 766 gratia,
1659 678 1892 744 relictis
1932 692 1998 744 et
2042 678 2306 754 amotis,
2346 702 2414 744 se
2458 680 2662 769 ipsum

621 786 1055 877 crucifigendo
1082 833 1102 861 ,
1154 784 1565 874 peregrinus,
1611 807 1889 873 pauper,
1943 796 2010 850 et
2062 808 2298 873 egenus
2345 784 2457 852 fiat
2480 811 2500 861 ς
2549 809 2665 874 pro

623 894 836 982 quiete
870 905 1082 958 autem
1116 889 1309 977 hujus
1339 890 1554 955 saeculi
1580 890 1862 978 requiem
1887 891 2165 956 divinam
2190 891 2254 956 iu
2278 914 2342 956 se
2374 892 2510 980 ipso
2534 914 2669 956 non

623 999 937 1074 inveniat,
973 1011 1037 1064 et
1066 1020 1182 1086 pro
1214 996 1452 1063 deliciis
1505 997 1961 1085 temporaneis,
1999 996 2257 1064 delicias
2291 998 2557 1086 Spiritus
2595 998 2669 1062 in

627 1130 740 1172 sua
772 1105 965 1194 ipsius
996 1105 1205 1170 anima
1228 1126 1356 1168 nou
1382 1103 1633 1178 sentiat,
1680 1115 1746 1169 et
1780 1127 1901 1193 pro
1926 1104 2445 1192 corruptibilibus
2479 1103 2672 1168 vesti-

629 1212 899 1287 mentis,
948 1211 1320 1276 vestimenta
1356 1208 1580 1274 divinae
1622 1209 1783 1274 lucis
1828 1232 1958 1275 non
2003 1209 2225 1275 induat
2267 1209 2330 1273 iu
2383 1208 2669 1273 interiori

632 1316 889 1383 homino
906 1341 926 1392 ;
958 1327 1023 1380 et
1045 1338 1163 1404 pro
1193 1313 1387 1403 priori
1415 1326 1482 1380 et
1513 1315 1752 1381 carnali
1783 1314 2083 1381 societate
2115 1315 2261 1391 hac,
2299 1315 2668 1380 societatem

632 1425 954 1488 coelestem
985 1422 1050 1486 in
1089 1444 1202 1486 sua
1242 1420 1435 1509 ipsius
1484 1422 1728 1497 anima,
1779 1433 1950 1487 certa
1996 1418 2229 1487 fiducia
2278 1420 2489 1494 nixus,
2529 1440 2670 1485 non

635 1540 972 1619 agnoscam
1008 1540 1073 1594 et
1103 1551 1220 1619 pro
1255 1528 1603 1618 conspicuo
1632 1528 1826 1615 hujus
1855 1528 2076 1593 mundi
2108 1526 2336 1615 gaudio
2368 1523 2667 1614 gaudium

637 1633 911 1722 Spiritus
948 1633 1117 1699 intus
1150 1655 1277 1700 non
1310 1632 1576 1708 habeat,
1611 1646 1676 1697 et
1704 1633 2198 1699 consolationem
2233 1630 2509 1695 coelestis
2539 1649 2671 1717 gra-

637 1739 771 1816 tiae,
824 1751 893 1804 et
948 1739 1298 1803 satietatem
1351 1736 1626 1799 divinam
1667 1736 1733 1797 in
1771 1737 1975 1797 anima
2022 1757 2146 1796 non
2193 1746 2667 1821 consequatur;

637 1848 792 1912 dum
825 1851 1080 1931 apparet
1128 1838 1186 1902 ei
1231 1836 1423 1923 gloria
1471 1835 1761 1908 Domini,
1805 1847 1876 1899 ut
1927 1835 2230 1921 scriptum
2276 1848 2412 1908 cst,·
2451 1849 2560 1911 et,
2608 1847 2674 1901 ut

642 1950 837 2018 semol
880 1945 1081 2010 dicam
1105 1986 1123 2012 .
1162 1962 1276 2025 pro
1309 1949 1750 2002 momentanea
1806 1939 1928 2004 hac
1970 1941 2327 2026 voluptate,
2381 1942 2671 2030 volupta-

638 2071 769 2126 tem
798 2041 1337 2129 incorruptibilem
1371 2037 1788 2106 desideratam
1816 2042 1878 2107 in
1903 2065 2014 2107 sua
2037 2043 2233 2131 ipsius
2259 2044 2473 2110 anima
2498 2068 2667 2111 nunc

641 2177 766 2224 non
805 2147 1115 2219 obtineat,
1148 2143 1255 2208 hic
1293 2143 1496 2209 sactus
1526 2157 1622 2210 est
1651 2149 1745 2213 sal
1775 2148 2115 2237 insipidum
2139 2198 2157 2224 ,
2204 2149 2311 2214 hic
2343 2149 2664 2217 miserabi-

632 2259 750 2325 lior
771 2261 864 2314 est
893 2271 1083 2337 quam
1102 2251 1316 2316 cuncti
1351 2251 1643 2319 homines
1675 2276 1691 2317 ε
1722 2253 1828 2318 hic
1854 2267 1919 2320 et
1950 2255 2360 2321 saecularibus
2391 2257 2661 2346 privatus

626 2368 752 2429 ost,
787 2365 851 2419 et
898 2354 1125 2420 divinis
1166 2378 1295 2421 non
1329 2355 1562 2421 fruitur
1601 2379 1617 2421 ε
1657 2357 1954 2447 mysteria
1987 2359 2193 2424 divina
2228 2384 2343 2451 per
2367 2361 2661 2451 operatio-

624 2483 774 2528 nem
799 2459 1070 2550 Spiritus
1095 2462 1160 2527 in
1184 2461 1444 2528 homine
1475 2462 1773 2529 interiore
1806 2487 1934 2530 non
1957 2466 2275 2553 cognovit.

716 2568 795 2632 11.
844 2569 1188 2656 Propterea
1234 2568 1405 2634 enim
1455 2568 1698 2634 alienus
1736 2571 1978 2635 mundo
2023 2570 2159 2637 fieri
2191 2571 2332 2660 quis
2358 2575 2554 2646 solet,
2589 2584 2663 2638 ut

629 2673 711 2739 ad
741 2674 936 2739 alium
968 2676 1282 2739 mundum
1327 2686 1394 2739 et
1438 2677 1742 2742 saeculum
1785 2676 2112 2743 intellectu
2150 2691 2428 2745 transeat
2459 2680 2662 2745 anima

630 2780 768 2867 ejus
795 2824 815 2854 ,
849 2781 1204 2844 secundum
1242 2778 1615 2867 Apostolum
1643 2803 1661 2845 ε
1685 2809 1711 2841 α
1745 2782 1969 2848 Nostra
2003 2784 2174 2849 enim
2196 2833 2214 2859 ,
2249 2784 2481 2872 inquit,
2521 2807 2665 2850 con-

631 2886 944 2953 »versatio
980 2885 1045 2950 in
1075 2884 1252 2951 coelis
1284 2900 1381 2952 est
1411 2886 1459 2951 ¹.'
1505 2915 1531 2948 ι
1556 2888 1636 2954 Et
1657 2910 1910 2955 rursum
1939 2914 2006 2954 τα
2030 2892 2103 2956 ln
2126 2915 2313 2958 carne
2343 2893 2669 2956 ambulan-

633 3006 806 3069 ηαδ,
848 3014 978 3058 non
1030 2991 1383 3058 secundum
1429 3015 1686 3060 carnem
1723 2996 2066 3062 militamus
2088 2996 2134 3061 ².
2171 2996 2478 3084 »Oportet
2505 3018 2663 3083 ergo

632 3120 779 3165 eum
799 3145 817 3173 ,
853 3096 963 3185 qui
989 3096 1374 3161 renuntiavit
1407 3096 1556 3162 huic
1589 3099 1855 3176 mundo,
1890 3099 2158 3166 firmiter
2180 3103 2462 3176 credere,
2496 3103 2667 3188 quod

631 3214 921 3293 oporteat
955 3201 1023 3266 in
1064 3201 1236 3267 aliud
1278 3203 1581 3265 saeculum
1614 3204 1825 3269 animo
1862 3206 1992 3292 jam
2025 3230 2195 3273 nunc
2236 3231 2351 3297 per
2382 3207 2671 3296 spiritum

633 3311 1084 3377 transcendere
1110 3355 1128 3382 ,
1163 3305 1376 3393 ibique
1411 3310 1769 3373 conversari
1804 3334 1875 3377 ac
1908 3313 2251 3389 delectari,
2299 3328 2364 3380 et
2392 3313 2514 3378 srui
2542 3312 2669 3400 spi-

635 3415 966 3480 ritualibus
994 3411 1180 3477 bonis
1202 3459 1220 3486 ,
1255 3424 1321 3476 et
1358 3411 1722 3479 interiorem
1751 3416 2075 3484 hominem
2110 3412 2150 3483 e'
2179 3418 2417 3508 Spiritu
2446 3418 2619 3483 nasci
2648 3439 2662 3480 ε

634 3533 708 3585 ut
739 3519 894 3584 dixit
928 3515 1238 3581 Dominus
1257 3541 1276 3593 ;
1300 3545 1324 3577 ι
1360 3518 1489 3599 Qui
1528 3523 1733 3589 credit
1764 3524 1828 3587 in
1866 3548 2006 3602 me,
2038 3526 2258 3592 transit
2295 3547 2327 3589 a
2367 3535 2569 3587 morte
2601 3523 2671 3588 in

635 3652 663 3686 ι
682 3624 874 3688 vitam
892 3621 937 3687 ⁸.
970 3649 995 3681 a
1015 3619 1340 3708 Siquidem
1363 3637 1458 3691 est
1484 3627 1601 3692 alia
1626 3650 1798 3692 mors
1821 3643 2048 3718 praeter
2071 3654 2214 3697 eam
2237 3651 2376 3718 quae
2399 3629 2668 3703 videtur,

634 3742 700 3795 et
728 3728 844 3792 alia
880 3727 1005 3792 vita
1036 3740 1264 3824 praeter
1292 3753 1434 3797 eam
1457 3754 1597 3819 qum
1631 3732 1898 3801 videtur.
1939 3735 2045 3803 Ait
2077 3736 2254 3802 enim
2290 3734 2620 3822 Scriptura
2650 3756 2665 3797 ε

652 3861 678 3899 ι
714 3835 873 3913 Quae
912 3833 976 3900 iu
1016 3834 1257 3902 deliciis
1282 3849 1410 3913 est,
1435 3837 1649 3904 vivens
1681 3854 1930 3909 mortua
1955 3829 2049 3909 est
2073 3842 2119 3909 ⁴.
2153 3870 2178 3903 ι
2211 3842 2372 3909 Item
2399 3863 2414 3905 ε
2438 3867 2464 3900 α
2486 3838 2668 3914 sine.

632 4012 653 4039 e
705 3985 725 4024 ¹
752 3970 937 4043 1’hilip.
963 3987 1044 4039 ιιι,
1067 3989 1147 4026 so.
1169 4000 1232 4015 --
1250 3986 1271 4014 ο
1300 3988 1325 4026 a
1352 3975 1474 4031 Cor.
1502 3995 1549 4039 ι,
1577 3979 1626 4032 3.
1645 4006 1704 4024 -
1729 3983 1752 4022 ⁸
1770 3980 1918 4036 ‹loan-
1950 3998 2000 4046 v,
2027 3982 2110 4035 2⁵.
2131 4008 2194 4033 -v-
2232 3985 2253 4027 ⁴
2283 3998 2305 4032 ι
2332 3979 2464 4033 Tim.
2483 3995 2536 4040 v,
2556 3978 2609 4028 6.
