2982 4885
2668 482 2701 492 Ἴ

654 509 784 597 590
1103 524 1117 547 ¹
1327 568 1330 573 Α
1447 521 1500 565 s.
1552 519 1907 564 rmnasrnn

653 644 867 712 volens
896 632 948 706 si
978 650 1141 704 esset
1162 659 1386 704 eorum
1422 636 1633 702 divina
1663 633 2016 722 Scriptura,
2051 657 2248 722 qnam
2270 637 2581 728 legebant
2597 642 2709 708 Ju-

655 746 772 813 daei
794 794 814 822 ,
873 742 1209 832 separatim
1256 762 1578 829 quemque
1626 737 1812 824 jussit
1858 736 2098 802 includi
2154 738 2222 803 in
2288 744 2659 809 cubiculum
2681 796 2704 820 ,

647 852 1022 936 nullumque
1066 847 1278 911 videre
1310 846 1539 920 alium,
1575 843 1696 908 nisi
1736 845 1871 907 solo
1910 856 2180 929 excepto
2213 868 2329 922 eo,
2364 849 2471 934 qui
2500 849 2703 913 inter..

649 967 896 1045 pretem
918 953 1239 1040 exciperet
1263 949 1609 1015 dictantem
1639 971 1653 1010 :
1685 947 2105 1032 omniumque
2133 951 2457 1039 accipiens
2485 967 2703 1041 postea

655 1057 1239 1146 interpretationem
1289 1052 1574 1140 quotidie
1621 1073 1769 1115 cum
1825 1053 2336 1118 consentientem
2392 1057 2456 1120 in
2504 1079 2702 1121 unum

657 1162 967 1229 inveniret
992 1160 1339 1225 editionem
1376 1157 1663 1220 omnium
1687 1206 1703 1230 ,
1743 1154 1928 1242 jussit
1970 1158 2291 1222 conscribi
2324 1173 2508 1245 atque
2548 1161 2707 1247 poni

662 1269 727 1332 in
758 1267 1067 1352 templum
1088 1311 1105 1336 ,
1144 1273 1219 1347 ut
1255 1260 1655 1327 venientibus
1682 1262 1759 1323 de
1782 1258 2060 1336 Achaia,
2100 1264 2177 1327 de
2204 1263 2474 1343 Graecia,
2508 1278 2709 1352 atque

660 1372 795 1437 aliis
828 1367 1166 1457 provinciis
1197 1364 1588 1454 philosophis
1611 1414 1628 1439 ,
1662 1365 1865 1452 poe'tis
1889 1414 1906 1439 ,
1940 1379 2006 1430 et
2037 1364 2555 1457 historiographis
2586 1393 2704 1435 cub

662 1475 1013 1565 pientibus‚
1047 1469 1295 1560 legendi
1329 1468 1511 1556 copia
1538 1490 1674 1533 non
1709 1482 2066 1557 negaretur.
2113 1473 2294 1536 Unde
2336 1489 2403 1538 et
2436 1474 2700 1540 maxime

665 1591 1034 1669 argumenta
1082 1586 1401 1640 sumentes
1447 1573 1854 1663 philosophi,
1902 1580 2137 1660 poe'tae,
2185 1590 2471 1642 oratores
2516 1591 2699 1664 atque

667 1680 1152 1771 historiographi
1172 1680 1359 1744 sicuti
1386 1680 1815 1743 volueruntad
1838 1701 1963 1742 suae
1980 1679 2354 1766 paganitatis
2372 1682 2697 1746 mendacia

670 1788 1158 1858 transtulerunt,
1187 1783 1447 1867 aliisque
1478 1780 1843 1844 nominihus
1870 1784 2060 1845 rudes
2089 1806 2427 1869 puerorum
2458 1786 2695 1849 animos

668 1894 1030 1961 edocentes,
1055 1889 1259 1972 legem
1285 1887 1401 1949 Dei
1421 1885 1696 1950 divinam
1723 1885 1966 1949 irritam
1997 1890 2220 1951 saeculo
2244 1887 2446 1951 facere
2468 1911 2699 1975 prope·

666 2004 907 2073 rerunt,
940 1991 1403 2083 impietatisque
1426 1989 1667 2052 semina
1700 1989 1761 2052 in
1788 2012 1945 2056 sono
1976 1991 2324 2060 verborum,
2353 1991 2413 2052 in
2440 1990 2703 2076 pericu-f

670 2098 816 2166 losis
859 2092 1185 2161 sententiis
1246 2089 1754 2167 confirmarunt,
1798 2116 2069 2179 quorum
2106 2116 2293 2158 causa
2334 2094 2593 2157 dicebat
2634 2106 2701 2158 et

671 2202 1003 2274 Dominus,
1024 2198 1195 2262 fures
1227 2209 1415 2285 atque
1440 2199 1716 2262 latrones
1734 2221 1842 2263 eos
1868 2198 2079 2273 fuisse,
2107 2198 2171 2262 in
2194 2197 2495 2262 omnihus
2518 2211 2704 2284 atque.

675 2307 754 2373 ab
783 2304 1078 2371 omnihus
1110 2303 1583 2389 cognoscendos
1614 2300 1658 2365 ¹.

932 2512 1094 2564 σιν.
1145 2492 1464 2561 nAEnnsis
1512 2510 1784 2559 Amana
1832 2510 1924 2560 nn
1961 2508 2452 2564 sam-naemu

1377 2606 1953 2658 tarsumenno&

764 2788 886 2854 Esr
921 2783 1211 2860 haeresis,
1252 2803 1392 2870 quae
1429 2781 1664 2845 iterum
1697 2789 1839 2867 post
1875 2782 2173 2871 Aquilam
2216 2788 2472 2878 triginta
2506 2790 2703 2855 homi-

676 2916 830 2961 num
853 2890 1438 2979 interpretationem
1478 2885 1734 2973 accipit,
1757 2907 1887 2953 non
1913 2888 2169 2957 illorum
2203 2895 2696 2961 beatissimorum

677 2998 1066 3090 septuaginta
1097 2996 1397 3067 duorum,
1432 2991 1542 3079 qui
1576 2991 1821 3080 integre
1847 2995 2267 3086 inviolateque
2296 3002 2370 3062 de
2392 2998 2702 3062 Trinitate

682 3106 1043 3177 sentientes,
1077 3099 1374 3165 Ecclesiae
1408 3098 1740 3163 catholicae
1772 3099 2173 3169 firmamenta
2206 3102 2550 3168 certissima
2573 3114 2708 3165 tra-

682 3214 981 3278 diderunt
1010 3209 1496 3297 interpretantes
1541 3193 1920 3294 Scripturas.
1965 3208 2076 3273 Isti
2116 3209 2368 3297 triginta
2404 3208 2468 3271 in
2498 3207 2709 3271 multis

684 3318 977 3405 Aquilam
993 3324 1139 3377 sunt
1169 3310 1392 3383 secuti,
1416 3306 1685 3374 unde'ab
1716 3311 2002 3376 Ecclesia
2027 3315 2338 3378 catholica
2369 3325 2431 3376 et
2450 3313 2709 3375 istorum

683 3442 811 3485 non
842 3416 1181 3504 suscipitur
1217 3414 1652 3500 interpretatio
1674 3464 1691 3489 ,
1727 3438 1867 3503 quae
1907 3419 2271 3483 continetur
2301 3418 2364 3481 in
2400 3417 2583 3482 libris
2610 3438 2715 3480 au·-

685 3524 1001 3592 theuticis.

1041 3717 1232 3774 cxvl.
1290 3719 1452 3772 Ama
1491 3717 1802 3769 nAEnEsls
1840 3719 1933 3768 DE
1966 3719 2208 3771 EADEM
2246 3717 2356 3769 RB.

769 3892 897 3967 Esu-
926 3894 1180 3963 haeresis
1197 3941 1218 3971 ,
1250 3915 1391 3983 quae
1417 3890 1651 3962 iterum
1680 3913 1789 3959 sex
1818 3890 2100 3962 virorum
2132 3890 2716 3978 interpretationem

751 4042 769 4089 ε
792 4035 936 4091 Joan.
956 4048 1006 4091 x,
1022 4029 1070 4082 8.

2102 4137 2139 4146 ,ο
