2982 4885
975 522 1156 566 man
1202 522 1282 562 nn
1333 520 1705 563 naennsinus.
2243 499 2370 570 505

329 638 563 704 dobere
594 639 719 725 jam
749 638 1036 703 homines
1066 638 1408 725 judaismo,
1452 634 1511 698 id
1538 648 1658 708 est,
1688 635 2171 709 circumsisioni‚
2214 637 2376 703 aliis·

328 766 450 832 que
482 736 714 809 talibus
756 742 1215 829 superstitionis
1255 763 1430 806 vanae
1463 763 1685 830 parere
1719 742 2072 808 carnalibus
2095 792 2111 816 ,
2148 742 2254 830 qui
2291 746 2371 808 de

326 847 617 937 gentibus
652 847 977 912 venientes
1013 848 1357 912 credebant
1389 846 1449 908 in
1485 843 1807 909 Christum
1842 846 2179 910 Dominum
2224 870 2360 911 nos-

326 952 490 1016 trum
521 951 935 1016 Salvator-em.

1166 1168 1260 1217 [X.
1300 1166 1528 1216 amon.

410 1367 609 1434 Emon
638 1367 982 1453 discipulus
1030 1364 1342 1436 Cerinthi,
1378 1364 1442 1427 in
1468 1358 1684 1458 multis
1718 1364 1774 1428 ei
1807 1364 2094 1429 similiter
2123 1388 2367 1442 errans,

326 1470 713 1536 Salvatorem
751 1482 1038 1533 nostrum
1065 1468 1387 1532 hominem
1416 1467 1496 1530 de
1519 1467 1557 1530 J
1565 1467 1762 1554 osepb
1787 1479 2009 1531 natum
2037 1469 2372 1533 carnaliter

324 1576 700 1647 aestimabat,
736 1573 1019 1659 nihilque
1060 1574 1118 1636 in
1163 1596 1241 1639 eo
1272 1572 1632 1638 Divinitatis
1685 1573 1876 1637 fuisse
1925 1573 2228 1651 docebat,
2258 1576 2371 1638 sed

326 1679 485 1745 sicut
536 1703 755 1743 omnes
784 1679 1166 1766 Prophetas,
1211 1679 1297 1741 sic
1338 1690 1401 1741 et
1450 1700 1596 1741 eum
1632 1678 1896 1764 gratiam
1935 1677 2044 1741 Dei
2077 1676 2372 1741 habuisse

327 1786 662 1859 asserebat,
708 1808 833 1849 non
883 1796 1091 1849 tamen
1125 1784 1469 1848 Dominum
1514 1782 1856 1869 majestatis
1878 1831 1896 1856 ,
1933 1793 1997 1847 et
2027 1782 2140 1846 Dei
2172 1782 2372 1847 Patris

321 1890 578 1964 Filium,
625 1914 769 1955 cum
809 1891 991 1955 Patre
1032 1890 1528 1977 sempiternum,
1594 1910 1742 1952 cum
1781 1887 1965 1952 Patre
1996 1910 2145 1951 vero
2189 1890 2370 1972 aequ'e

324 1995 705 2084 sempiterno
740 1997 977 2083 ubique
1011 2007 1321 2059 testentur
1355 2017 1425 2058 ac
1460 1992 1823 2080 praedicent.

1062 2236 1125 2281 X.
1177 2235 1256 2280 VA
1271 2232 1470 2281 LENTI
1485 2231 1630 2280 Nus.

372 2457 377 2472 ‚
411 2425 570 2490 Posr
629 2423 816 2488 istum
877 2423 1238 2489 Valentinus
1291 2425 1551 2511 quidam
1598 2424 1868 2488 surrexit
1915 2423 2368 2511 Pythagoricus

323 2531 522 2617 magis
554 2551 743 2615 quam
771 2528 1185 2603 Christianus,
1215 2551 1440 2593 vanam
1470 2529 1816 2616 quamdam
1843 2551 1916 2593 ac
1951 2528 2368 2616 perniciosam

326 2634 679 2699 doctrinam
714 2622 1037 2705 ornemus,
1091 2645 1154 2697 et
1198 2636 1366 2697 velut
1415 2631 1904 2706 arithmeticam,
1962 2631 2027 2696 id
2070 2643 2190 2707 est,
2247 2656 2360 2696 nu·

323 2737 706 2805 morositatis
773 2759 999 2800 novam
1074 2736 1383 2802 fallaciam
1459 2736 1832 2825 proedicans,
1894 2737 2370 2824 multorumque

325 2843 562 2908 animas
598 2841 1021 2930 ignorantium
1070 2842 1423 2930 captivavit.
1469 2842 1547 2906 Et
1595 2841 1657 2905 iu
1696 2840 1911 2929 primis
1954 2841 2212 2928 quidem
2248 2843 2368 2909 suit

325 2947 385 3012 in
418 2947 697 3011 Ecclesia
722 2995 740 3020 ‚
790 2948 1012 3011 elatior
1043 2962 1253 3013 autem
1285 2929 1488 3026 sactus
1521 2949 1951 3035 postmodum,
1985 2970 2200 3012 errore
2233 2971 2361 3014 nou

322 3075 515 3140 parvo
555 3053 858 3139 deceptus
889 3062 1009 3121 est..
1048 3055 1403 3141 degensque
1441 3054 1500 3114 in
1545 3052 1736 3140 Cypri
1770 3052 2087 3139 provincia
2114 3102 2132 3127 ‚
2172 3053 2368 3140 coepit

325 3157 446 3221 hoc
480 3155 743 3221 delinire
782 3181 795 3218 :
835 3156 1005 3222 Nihil
1027 3170 1164 3221 orat
1197 3159 1363 3222 aliud
1394 3173 1564 3230 ante,
1601 3155 1826 3242 inquit,
1856 3156 1919 3219 in
1952 3158 2217 3229 mundo,
2247 3156 2365 3221 nisi

324 3262 708 3351 profundum
729 3262 916 3324 maris
941 3275 1004 3327 et
1028 3264 1372 3335 silentium,
1402 3261 1576 3348 quod
1601 3267 1801 3348 poe'tae
1828 3259 2036 3322 Chaos
2055 3272 2365 3335 asserunt,

325 3367 531 3451 deque
562 3364 683 3427 boc
716 3365 1031 3449 profundo
1061 3379 1125 3428 et
1162 3367 1415 3430 silentio
1456 3367 1733 3429 edocens
1764 3360 2144 3449 processisse
2171 3362 2366 3427 Intel-

327 3473 590 3540 lectum,
617 3479 681 3530 et
706 3464 1045 3528 Yon-itatem
1077 3490 1092 3526 ε
1118 3469 1196 3530 de
1216 3467 1547 3530 Intellecta
1577 3481 1786 3532 autem
1812 3478 1876 3530 et
1893 3465 2036 3529 Veri
2048 3477 2194 3541 tate,
2220 3465 2368 3533 Ver-

327 3575 483 3640 bum
518 3585 581 3634 ct
599 3570 806 3633 Vitam
846 3591 860 3631 :
907 3568 985 3630 do
1004 3566 1214 3631 Verbo
1257 3580 1469 3642 autem
1502 3568 1746 3642 etVita,
1780 3571 2117 3635 Hominem
2146 3584 2211 3638 et
2239 3572 2365 3638 Ec-

332 3677 583 3740 clesiam
627 3698 640 3734 ε
678 3676 758 3734 de
784 3670 1050 3734 Homine
1086 3685 1299 3736 autem
1328 3684 1393 3734 et
1421 3670 1701 3733 Ecclesia
1730 3674 2103 3759 processisse
2136 3676 2371 3743 duode-

332 3778 455 3843 cim
490 3777 756 3867 AEonals,
808 3773 875 3840 id
905 3786 1037 3850 est,
1074 3777 1315 3842 Saecula
1353 3798 1367 3839 ε
1398 3787 1469 3840 ‘et
1502 3777 1582 3840 de
1617 3774 1824 3842 Verbo
1855 3790 1918 3843 et
1974 3778 2109 3845 vita
2145 3782 2368 3848 decem

336 3884 565 3951 :Eonas
605 3879 982 3968 processisse
1018 3903 1033 3943 z
1069 3881 1147 3945 de
1186 3881 1521 3947 Intellecta
1565 3894 1777 3947 autem
1819 3894 1885 3948 et
1915 3882 2189 3951 Veritate
2217 3899 2365 3953 octo

334 3991 589 4066 AEonas,
617 3999 682 4051 et
704 4009 841 4050 esse
865 3985 1030 4057 hanc
1054 3989 1397 4068 τριακοντάδα
1415 3985 1808 4053 Saeculorum
1831 4037 1847 4061 .
1870 3989 1932 4054 id
1964 4002 2083 4062 est.
2116 3990 2369 4078 triginta
