2982 4885
681 513 773 602 76
1345 529 1393 571 s.
1446 528 1708 573 noun
1754 523 2023 570 aen-ru

676 661 784 715 aut
805 646 894 714 roi
927 645 1112 713 alicui
1142 644 1334 732 hujus
1358 642 1570 709 saeculi
1601 641 1817 708 dedita
1843 639 1921 704 sit
1956 659 2030 703 ac
2062 633 2371 701 obstrictu
2395 644 2709 708 teneatur,

682 754 1122 841 desideratque
1161 750 1530 838 hujusmodi
1574 748 1779 815 anima
1830 743 2177 821 transilire,
2205 739 2484 828 effugere
2533 751 2715 825 atque

681 863 995 949 expellere
1030 860 1322 924 teneliras
1356 855 1763 923 affectionum
1782 902 1799 927 ,
1836 853 1897 917 in
1921 849 2153 939 quibus
2179 847 2499 913 detinetur
2520 869 2554 910 a
2582 867 2715 910 ma-

680 965 902 1036 litiosis
927 965 1344 1058 potestatibus
1372 988 1390 1038 ς
1419 983 1548 1028 non
1580 970 1788 1050 potest
1813 982 1833 1033 ;
1869 979 1948 1023 eo
1983 955 2155 1044 quod
2189 952 2409 1043 diligat
2429 972 2502 1018 ac
2534 949 2717 1016 saciat

684 1074 1074 1139 voluntatem
1121 1070 1573 1143 tenebrarum‘,
1622 1088 1741 1132 nec
1803 1062 2056 1155 capitali
2105 1060 2253 1127 odio
2312 1068 2718 1148 persequatur

686 1177 890 1247 studia
930 1178 1208 1244 malitias.

773 1283 953 1352 XIII.
1002 1283 1437 1373 Praeparemus
1475 1279 1667 1371 igitur
1696 1302 1811 1343 nos
1851 1278 2058 1367 ipsos,
2101 1285 2172 1338 ut
2204 1269 2379 1338 omni
2415 1263 2720 1360 prompti-

684 1389 906 1456 tudine
923 1413 997 1456 ac
1022 1402 1151 1455 tota
1175 1391 1499 1455 voluntate
1517 1387 1601 1452 ad
1616 1384 1962 1451 Dominum
1984 1380 2387 1453 accedamus,
2407 1388 2471 1441 et
2493 1369 2723 1439 Christi

689 1508 1101 1564 assectatores
1136 1494 1402 1571 fiamus,
1440 1492 1521 1561 ad
1538 1489 1996 1582 perficiendam
2024 1488 2410 1551 voluntatem
2443 1478 2626 1567 ejus3
2663 1486 2723 1541 et

687 1602 1106 1673 recordemur
1117 1623 1291 1669 omn!
1299 1624 1405 1667 um
1421 1623 1484 1667 m
1494 1599 1871 1666 andfltol'um
1886 1593 2290 1683 ejus,88(10m
2305 1600 2377 1653 ut
2389 1584 2723 1654 Γῧῦἰῧῑῐὶῑως

690 1717 877 1791 atque
911 1730 1027 1769 nos
1076 1708 1244 1792 ipsos
1272 1707 1526 1791 penitus
1568 1728 1602 1765 a
1638 1702 1979 1766 dilectione
2017 1693 2238 1759 mundi
2271 1700 2632 1775 separantes
2668 1684 2730 1749 in

686 1829 835 1873 eum
880 1808 1090 1869 solum
1129 1805 1369 1867 animas
1404 1814 1649 1866 nostras
1684 1812 2032 1867 vertamus,
2059 1805 2124 1856 ct
2155 1790 2470 1861 studium,
2505 1809 2738 1851 curam

693 1933 764 1978 ac
796 1906 1345 1995 investigationem
1370 1904 1511 1992 ejus
1543 1901 1778 1966 solius
1761 1923 1823 1964 nn
1847 1907 2060 1964 mente
2084 1893 2450 1959 habeamus.
2482 1890 2562 1955 Et
2577 1876 2739 1957 iicet

690 2029 950 2104 propter
1008 2033 1242 2100 corpus
1297 2004 1723 2073 observationi
1769 2002 2259 2072 mandatorum,
2307 2007 2372 2060 et
2422 1993 2730 2079 obsequio

690 2119 902 2193 divino
934 2117 1144 2182 minus
1172 2114 1509 2203 diligenter
1535 2107 1992 2181 vocaverimus,
2013 2127 2192 2171 mens
2223 2114 2436 2168 tamen
2471 2121 2504 2163 a
2529 2096 2732 2165 dilec-

689 2223 862 2292 tione
890 2217 1185 2292 Domini,
1212 2229 1277 2283 et
1310 2213 1755 2306 indagatione,
1791 2234 1865 2279 ac
1888 2209 2200 2281 desiderio
2231 2206 2369 2294 ejus
2398 2226 2526 2270 non
2551 2225 2730 2269 aver-

691 2340 859 2395 tatur
896 2347 913 2389 2
956 2335 1025 2389 ut
1070 2321 1438 2412 hujusmodi
1479 2332 1693 2388 mente
1735 2318 2166 2389 decertantes,
2212 2334 2284 2379 ac
2327 2322 2524 2377 recto·
2543 2330 2726 2374 sensu

688 2432 851 2498 viam
880 2430 1137 2520 justitias
1182 2430 1586 2503 incedentes,
1623 2446 1999 2514 semperque
2033 2420 2215 2487 nobis
2250 2417 2367 2506 ipsi
2398 2415 2728 2482 attenden-

688 2550 815 2613 tes,
859 2559 1332 2625 consequamur
1367 2533 1856 2624 promissionem
1900 2529 2170 2618 Spiritus
2200 2525 2339 2613 ejus
2362 2573 2379 2598 ,
2407 2535 2473 2588 et
2499 2520 2727 2588 libere-

689 2666 837 2710 mur
876 2666 989 2731 per
1021 2643 1286 2731 gratiam
1327 2641 1406 2704 ab
1459 2637 1722 2703 interitu
1760 2635 2242 2701 tenebrosarum
2274 2630 2679 2699 affectionum
2707 2677 2724 2702 ,

694 2771 727 2813 a
756 2747 986 2836 quibus
1018 2745 1226 2810 anima
1257 2742 1558 2831 affligitur
1584 2766 1604 2816 3
1638 2763 1767 2828 quo
1799 2740 1972 2829 digni
2009 2753 2247 2806 ae-terno
2278 2758 2474 2827 regno
2504 2735 2731 2800 evada-

696 2875 868 2927 mus,
903 2860 967 2916 et
1005 2848 1128 2913 srui
1159 2845 1414 2913 Christo
1454 2869 1571 2936 per
1609 2845 1821 2912 omnia
1864 2847 2091 2912 saecula
2135 2843 2307 2933 digni
2344 2839 2724 2910 habeamur,

696 2955 1118 3049 glorificantes
1147 2953 1428 3028 Patrem,
1462 2964 1527 3019 et
1555 2951 1825 3029 Filium,
1861 2963 1927 3018 et
1955 2950 2260 3041 Spiritum
2300 2958 2587 3017 sanctum
2617 2964 2731 3031 per

697 3061 911 3130 omnia
936 3061 1185 3126 saecula.
1218 3056 1448 3130 Amen.
