2982 4885
681 514 811 591 544
1015 550 1028 563 -
1460 528 1512 570 s.
1570 526 1919 569 rmusrnu

686 650 955 714 docente
977 643 1189 712 divino
1219 644 1481 733 Spiritu,
1514 644 1848 732 Apostolos
1871 654 2059 727 atque
2083 654 2303 730 gentes
2338 644 2563 713 itidem
2589 671 2718 715 cre-

685 756 903 821 dentes
933 766 1089 818 tunc
1118 750 1421 841 temporis
1451 751 1517 814 in
1550 749 1877 815 Christum
1908 749 2253 829 Dominum
2287 750 2714 831 Salvatorem,

683 858 817 925 sine
841 858 1058 924 labore
1086 842 1445 944 linguarum
1476 855 1765 927 omnium
1790 854 2086 919 donatam
2126 854 2459 923 scientiam
2490 863 2719 948 praedi..

686 984 884 1037 casse,
903 975 975 1027 ut
990 964 1105 1027 suh
1123 961 1308 1027 Petro
1321 972 1385 1026 et
1398 956 1618 1034 Paule,
1632 970 1696 1023 et
1711 959 1845 1022 aliis
1862 959 2102 1039 sactum
2114 974 2232 1034 est,
2251 984 2401 1031 cum
2417 966 2721 1032 docerent

687 1078 905 1154 gentes
941 1066 1185 1131 venisse
1224 1065 1531 1154 Spiritum
1568 1063 1685 1128 Dei
1719 1088 1750 1127 a
1788 1062 1953 1135 Deo,
1991 1075 2055 1127 et
2088 1064 2319 1152 linguis
2351 1070 2569 1134 multis
2612 1093 2717 1135 eos

689 1173 965 1262 potuisse
982 1170 1307 1256 eloqui,ut
1337 1169 1662 1233 audientes
1692 1168 1982 1233 homines
2013 1169 2398 1237 mirarentur
2424 1176 2507 1240 de
2528 1177 2720 1262 genti-

693 1278 843 1352 bus,
886 1264 1057 1363 quod
1099 1287 1415 1359 tantarum
1456 1273 1814 1361 linguarum
1851 1287 1916 1338 et
1950 1274 2062 1361 ipsi
2104 1298 2221 1363 per
2262 1276 2456 1343 fidem
2492 1279 2719 1344 Christi

693 1381 1023 1447 scientiam
1055 1379 1364 1444 haberent
1396 1378 1530 1443 sine
1566 1376 1849 1442 doctrina
1891 1401 2275 1447 concessam.
2346 1440 2356 1449 .

1026 1600 1295 1651 Lxxvn.
1332 1598 1641 1649 nAEnsssls
1679 1560 1779 1655 ns
1806 1572 2411 1652 NOMINELINGUAE.

788 1794 947 1860 Aua
993 1804 1088 1856 est
1129 1791 1383 1857 haeresis
1410 1840 1426 1864 ,
1472 1814 1595 1878 que
1636 1791 1791 1855 dicit
1827 1814 2059 1856 nomen
2101 1791 2328 1879 linguae
2373 1788 2451 1857 de
2494 1791 2726 1857 Judaeis

708 1900 982 1990 primum
1014 1897 1393 1987 processisse
1415 1946 1430 1968 ,
1460 1897 1563 1961 alii
1592 1899 1672 1961 de
1704 1896 1984 1985 paganis,
2022 1920 2170 1962 cum
2196 1898 2443 1982 utrique
2475 1897 2554 1959 ita
2594 1895 2724 1961 hoc

707 2003 1046 2069 sentientes
1094 2024 1310 2066 errore
1366 2024 1493 2065 non
1546 2025 1738 2091 parvo
1790 2002 2041 2090 decepti
2098 2002 2231 2067 sint.
2291 2002 2492 2064 Homo
2543 2002 2728 2067 enim

705 2109 916 2174 sactus
931 2106 1189 2170 rationis
1203 2106 1531 2194 particeps
1553 2107 1690 2172 suit.
1723 2107 1850 2186 Qui
1876 2131 2027 2195 ergo
2056 2106 2418 2194 loquebatur
2449 2107 2728 2181 ratione,

710 2213 1029 2301 q'uomodo
1063 2211 1320 2276 rationis
1351 2226 1488 2278 erat
1524 2211 1811 2277 alienus?
1848 2211 1997 2276 Plus
2029 2235 2179 2300 ergo
2223 2210 2393 2300 prius
2436 2224 2533 2275 est
2556 2212 2734 2276 ratio-

705 2321 802 2386 nis
843 2342 979 2384 esse
1019 2318 1424 2407 participem,
1469 2331 1535 2383 et
1578 2317 2018 2383 rationabilem
2069 2319 2234 2391 dici,
2275 2340 2467 2404 quam
2512 2340 2734 2382 nomen

708 2424 978 2515 speciale
1000 2434 1065 2488 et
1092 2425 1293 2489 locale
1323 2423 1560 2489 habere
1600 2422 1865 2510 alicujus
1899 2418 2151 2511 lingum,
2180 2435 2370 2510 atque
2393 2448 2470 2488 ex
2492 2424 2737 2488 nomine

715 2530 990 2598 hominis
1014 2529 1332 2618 possidere
1366 2529 1621 2615 aliquid.
1651 2527 1751 2596 Ab
1784 2528 1985 2592 Adam
2015 2529 2183 2593 enim
2212 2553 2414 2615 usque
2435 2530 2511 2592 ad
2534 2528 2742 2593 Heber

714 2641 840 2703 duo
879 2636 1074 2701 millia
1103 2647 1168 2699 et
1211 2635 1592 2724 septingenti
1625 2635 1769 2700 anni
1804 2635 2207 2701 transierunt.
2258 2636 2411 2700 Erat
2442 2659 2591 2724 ergo
2630 2657 2740 2698 no-

709 2765 857 2806 men
893 2741 1119 2827 linguae
1155 2738 1442 2804 omnium
1484 2741 1813 2805 hominum
1850 2761 2086 2814 unum,
2126 2753 2191 2804 et
2231 2763 2359 2804 una
2392 2742 2622 2829 lingua.
2655 2738 2744 2802 Ex

717 2868 842 2933 quo
880 2857 1091 2909 autem
1134 2857 1352 2910 contra
1386 2846 1729 2911 Dominum
1766 2846 2242 2932 cogitaverunt,
2290 2848 2610 2910 subtracta
2650 2853 2747 2908 est

720 2950 840 3016 illis
870 2949 1131 3014 scientia
1161 2949 1280 3015 ista
1308 2951 1613 3040 coelestis,
1642 2950 1707 3015 id
1740 2963 1857 3025 est,
1892 2953 2254 3041 linguarum
2278 2952 2549 3015 omnium
2582 2970 2751 3034 pru-

719 3055 932 3120 dentia
953 3067 1019 3120 et
1041 3055 1360 3145 sapientia.
1394 3056 1472 3122 Εῑ
1496 3056 1707 3121 Heber
1738 3056 1993 3144 quidem
2025 3070 2297 3128 sanctus,
2323 3052 2424 3139 qui
2456 3074 2594 3115 non
2626 3052 2754 3117 dis-

719 3159 905 3231 cessit
949 3182 982 3223 a
1012 3160 1147 3225 Deo
1181 3162 1533 3227 secundum
1572 3183 1804 3225 nomen
1841 3162 2071 3249 ipsius,
2120 3163 2279 3227 Deus
2307 3156 2511 3222 voluit
2549 3178 2752 3244 genus

685 3335 686 3338 ,
721 3265 860 3354 ejus
899 3264 1208 3353 pullulare
1256 3263 1524 3354 amplius
1550 3313 1569 3337 .
1613 3264 1737 3330 hoc
1776 3289 2028 3354 quoque
2067 3267 2322 3334 nomine
2355 3264 2636 3352 primum
2689 3262 2755 3326 in

721 3374 951 3438 s‘aeculo
968 3371 1346 3460 nuncupari,
1373 3382 1446 3434 ut
1475 3370 1554 3435 ab
1588 3371 1803 3436 Heber
1835 3373 1939 3460 qui
1969 3398 2097 3438 non
2125 3382 2532 3437 consenserat
2563 3365 2756 3432 aedifi-

721 3478 954 3544 cationi
986 3477 1171 3541 turris
1196 3476 1665 3568 rebellantium,
1696 3477 1945 3544 Hebraei
1981 3478 2238 3544 nomine
2263 3478 2750 3565 appellarentur.

720 3584 899 3651 Prior
942 3585 1151 3670 itaque
1194 3581 1327 3648 non
1359 3584 1565 3649 solum
1601 3584 1857 3671 paganis
1879 3635 1897 3661 ,
1940 3584 2356 3656 verumetiam
2387 3594 2452 3646 et
2482 3581 2520 3644 J
2527 3579 2751 3653 udaeis,

721 3692 788 3756 id
824 3683 951 3764 est,
988 3701 1132 3753 ante
1164 3689 1591 3777 septingentos
1633 3712 1830 3754 anuos
1868 3691 2079 3755 llohcr
2123 3689 2311 3752 fuisse
2352 3683 2763 3772 cognoscitur

721 3793 1130 3882 justissimus,
1175 3793 1294 3880 qui·
1328 3792 1390 3855 in
1436 3792 1781 3858 Dominum
1819 3797 2115 3869 credens,
2151 3807 2214 3856 ct
2249 3815 2280 3854 a
2317 3788 2763 3875 conjuratione

716 3898 1171 3964 sceleratorum
1220 3898 1549 3962 hominum
1596 3913 1960 3985 separatus,
2017 3901 2111 3964 sui
2163 3896 2437 3962 nominis
2488 3893 2765 3982 primam

715 4004 880 4072 hanc
916 4027 948 4066 a
988 4003 1265 4071 Domino
1297 4003 1844 4090 nuncupationem
1882 4007 2120 4072 meruit
2163 4005 2527 4089 impetrare.
2577 3998 2774 4064 Unde
