2982 4885
838 495 918 543 nn
966 489 1395 543 Patrne-riom
1440 493 1509 542 ns
1554 487 1816 543 smum.
2218 475 2341 548 321

255 595 263 602 ⁴
321 614 611 704 dignitas,
630 610 726 679 sui
741 614 1050 681 demissio.
1084 613 1589 680 Assuesaciamus
1606 635 1756 702 ergo
1786 634 1926 689 nos3
1959 624 2049 690 et,
2069 611 2131 681 vi
2154 614 2350 685 etiam

325 720 629 796 adhibita,
666 741 965 806 cogamus
992 721 1072 784 ad
1101 719 1437 792 submisse,
1474 720 1730 784 nolente
1766 719 1954 785 etiam
1994 723 2186 788 corde
2208 744 2361 789 no·-

324 839 458 902 tro,
504 828 581 891 de
626 824 811 890 nobis
860 824 1304 899 sentiendum3
1356 823 1693 912 Deumque
1738 847 1884 890 cum
1927 823 2089 904 fide,
2128 851 2242 918 spe
2290 851 2365 895 ac

323 932 636 997 charitate
680 930 1111 995 indesinenter
1149 931 1558 995 obsecrantes
1580 978 1600 1005 ,
1642 929 1708 994 in
1737 930 2093 1018 longanima
2130 956 2364 1024 expec-

322 1027 601 1113 tatione,
638 1049 710 1100 ut
740 1036 953 1101 mittat
973 1036 1279 1125 Spiritum
1310 1059 1499 1101 suum
1532 1036 1599 1100 in
1623 1035 1819 1101 corda
1844 1049 2056 1102 nostra
2083 1086 2101 1113 ,
2136 1052 2209 1105 ut
2229 1063 2394 1126 ore-0

320 1168 463 1210 mus
494 1157 560 1209 et
589 1144 930 1209 adoremus
968 1144 1032 1208 in
1064 1143 1307 1232 Spiritu
1335 1143 1627 1216 Patrem;
1667 1153 1729 1207 et
1756 1141 1890 1230 ipse
1927 1141 2198 1232 Spiritus
2230 1160 2370 1213 oret

323 1248 387 1311 in
420 1248 604 1313 nobis
622 1274 641 1323 3
691 1260 762 1311 ut
794 1249 967 1312 idem
1001 1247 1134 1336 ipse
1165 1247 1439 1337 Spiritus
1478 1247 1708 1313 doceat
1737 1267 1854 1311 nos
1889 1247 2237 1316 orationem
2269 1273 2374 1317 ve-

326 1377 459 1418 ram
490 1403 509 1430 ,
562 1354 989 1419 humilitatem
1025 1401 1043 1427 ,
1088 1352 1651 1418 mansuetudinem
1676 1399 1696 1427 ,
1749 1351 2124 1420 charitatem
2159 1378 2175 1419 2
2213 1378 2370 1442 quas

325 1481 540 1533 nunc,
586 1459 648 1521 vi
680 1458 871 1523 etiam
912 1456 1231 1531 adhibita,
1278 1458 1384 1523 vix
1424 1458 1710 1522 valemus
1756 1478 2091 1533 exercere,
2133 1457 2374 1525 viscera

325 1563 778 1626 misericordiae
795 1609 815 1636 ,
842 1562 1325 1649 benignitatem,
1354 1574 1417 1628 et
1442 1583 1666 1628 omnes
1694 1561 2009 1627 mandatis
2038 1563 2373 1654 praescrip-

328 1678 424 1730 tas
452 1665 717 1731 Domini
738 1666 940 1730 bonas
969 1666 1402 1754 operationes,
1443 1667 1602 1732 citra
1632 1667 1916 1731 laborem
1948 1688 2019 1731 ac
2040 1667 2167 1733 vim
2192 1690 2377 1734 exer-

329 1792 473 1834 cere
504 1795 522 1844 ;
573 1792 700 1857 quo
737 1770 932 1836 modo
971 1770 1218 1834 divinus
1270 1772 1377 1836 ille
1424 1769 1699 1858 Spiritus
1743 1770 1918 1834 novit
1958 1769 2223 1858 implere
2260 1795 2377 1839 nos

329 1874 517 1939 donis
547 1874 693 1938 suis·
744 1874 921 1938 Unde
945 1872 1094 1950 fiet,
1133 1885 1205 1938 ιιι
1243 1873 1606 1962 adimpletis
1637 1896 1672 1937 a
1710 1873 1893 1938 nobis
1924 1876 2237 1940 mandatis
2259 1876 2390 1943 Dei
2431 1861 2444 1872 ⁴

324 2003 439 2069 per
462 1979 768 2068 Spiritum
800 1979 997 2067 ipsius
1016 2027 1034 2054 ,
1071 1979 1173 2044 cui
1199 1980 1438 2066 optime
1465 1978 1579 2043 uni
1604 1992 1936 2067 perspecta
1959 1991 2055 2045 est
2082 1981 2374 2048 voluntas

327 2083 604 2160 Christi,
656 2084 892 2173 quippe
935 2105 1053 2148 nos
1100 2097 1330 2173 purgat
1379 2107 1413 2148 a
1459 2084 1647 2148 sorde
1693 2083 1941 2172 peccati
1968 2108 1987 2159 ς
2044 2084 2214 2149 idem
2261 2106 2377 2151 nos

321 2192 506 2254 ·velut
551 2212 810 2276 sponsas
845 2189 1185 2274 pulchras,
1226 2212 1451 2277 puras,
1494 2201 1562 2253 et
1593 2188 2173 2278 irreprehensi-biles
2211 2190 2383 2255 exhi-

330 2295 479 2357 beat
517 2273 807 2364 Christ&
855 2291 1408 2375 acquiescentibus
1458 2291 1644 2354 nobis
1688 2291 1756 2354 in
1791 2292 1961 2365 Dee,
2017 2302 2083 2354 et
2123 2293 2377 2358 Christo

342 2395 783 2483 acquiescente
822 2394 885 2458 in
915 2393 1136 2468 nobis,
1176 2393 1468 2481 usquein
1506 2395 1730 2457 saecula
1766 2394 2187 2459 interminata.
2233 2395 2380 2460 Glo-

333 2502 423 2566 ria
457 2497 965 2565 miserationibus
996 2498 1170 2586 ejus,
1209 2511 1272 2563 et
1309 2496 1689 2584 benignitati
1714 2518 1785 2562 ac
1820 2497 2111 2563 charitati
2145 2499 2375 2588 ipsius,

333 2608 504 2694 quod
526 2605 591 2669 in
615 2616 862 2669 tantum
884 2603 1195 2669 honorem
1225 2625 1454 2668 vocare
1478 2602 1772 2689 diguatus
1794 2615 1889 2668 est
1910 2625 2109 2692 genus
2140 2605 2375 2671 huma-

334 2734 488 2776 num
523 2759 541 2785 ,
576 2710 864 2800 proprios
895 2709 1119 2774 fratres
1151 2722 1216 2776 et
1251 2709 1416 2774 filios
1454 2704 1659 2775 Patris
1697 2709 1967 2775 eoelestis
1998 2733 2113 2777 nos
2142 2725 2208 2780 et
2236 2737 2373 2780 esse
2483 2758 2494 2765 -

336 2818 628 2905 dignatus
670 2830 735 2883 et
777 2817 1166 2907 appellitans.
1218 2815 1471 2893 Gloria,
1524 2816 1822 2903 inquam,
1857 2816 2028 2883 Patri
2069 2831 2134 2885 et
2171 2819 2366 2898 Filio,

327 2933 391 2986 et
421 2921 657 3013 Spiritu
696 2935 916 2989 sancto
957 2922 1023 2988 in
1062 2924 1289 2999 saecula
1328 2922 1726 2988 saeculorum.
1772 2921 1995 2989 Amen.

323 3170 1559 3193 mmmmmmnmmmmm
1841 3170 2365 3195 mmmmm

984 3326 1558 3399 OPUSCULUM
1603 3328 1697 3399 Π.

812 3536 928 3602 De
950 3530 1402 3629 perfectione
1453 3537 1528 3631 5¹²„
1573 3536 1863 3629 Spiritu.

417 3746 465 3815 1.
520 3747 774 3813 Gnmi
814 3744 1072 3834 quidem
1114 3756 1179 3810 et
1221 3740 1554 3834 largitione
1605 3742 1878 3836 Spiritus
1915 3747 2128 3817 divina
2167 3773 2368 3822 unus-

333 3853 599 3941 quisque
634 3842 925 3915 n'ostrum
960 3852 1225 3916 salutem
1268 3848 1666 3939 assequitur:
1717 3850 1845 3920 fide
1887 3874 2039 3922 vero
2069 3868 2134 3924 et
2164 3857 2368 3926 chari-

329 3970 557 4029 tateac
586 3956 993 4027 contentione
1022 3957 1222 4027 libera
1252 3955 1347 4027 sui
1380 3952 1670 4048 potentis
1691 3958 1933 4031 arbitrii
1968 3963 2048 4030 ad
2068 3963 2366 4054 perfecta

552 4085 767 4143 xum.
2066 4089 2150 4154 u„
