2982 4885
733 475 857 544 126
1398 485 1447 532 s.
1506 488 1771 535 mcum
1815 481 2090 536 annm

723 625 950 705 guatur
978 603 1248 698 Spiritus
1265 618 1546 681 sanctus,
1569 630 1793 673 verum
1816 610 1989 696 quod
2019 606 2135 698 ipsi
2159 604 2447 673 homines
2466 625 2600 692 non
2622 626 2770 684 con·

723 714 993 802 sentiant
1017 711 1257 802 gratiae,
1277 723 1612 801 propterea
1638 723 2032 788 avertuntur,
2060 725 2125 778 et
2149 711 2213 776 in
2240 707 2485 775 infinita
2503 726 2765 802 peccata

721 822 1075 886 incurrunt.
1118 816 1246 897 Qui
1276 814 1447 882 enim
1471 816 1713 882 donum
1743 817 1903 883 illud
1931 819 2385 908 degustarunt,
2417 828 2762 908 utrumqne

721 924 919 991 instar
958 920 1211 989 comitis
1257 919 1538 996 habent,
1587 922 1890 1011 gaudium
1936 920 2232 992 videlicet
2276 933 2341 987 et
2387 923 2762 989 consolatio-

720 1053 905 1105 nem,
932 1040 1174 1124 metum
1216 1048 1288 1092 ac
1334 1039 1719 1102 tremorem,
1759 1027 2214 1102 exultationem
2245 1035 2310 1093 et
2338 1026 2600 1095 luctum.
2644 1028 2765 1094 De-

718 1137 969 1227 plornnt
1015 1134 1186 1199 enim
1225 1156 1292 1198 se
1334 1132 1501 1223 ipsos
1544 1145 1611 1199 et
1647 1120 2018 1200 universum
2055 1133 2295 1209 Adam,
2334 1134 2481 1221 quia
2511 1157 2638 1200 una
2665 1145 2762 1202 est

716 1242 1050 1309 hominum
1083 1252 1329 1306 natura.
1374 1238 1456 1303 Et
1493 1241 1790 1361 lacrymae
1824 1240 1923 1316 his
1954 1240 2091 1306 vice
2120 1238 2300 1330 panis
2329 1252 2509 1320 sunt,
2533 1253 2597 1308 et
2627 1240 2765 1308 lnc-

710 1362 813 1415 tus
843 1345 981 1411 vice
1013 1343 1331 1410 suavitatis
1363 1355 1429 1409 et
1459 1343 1722 1431 requiei.
1783 1361 1788 1364 “
2839 1427 2858 1436 fi

801 1439 1257 1526 XXXV11.Si
1306 1471 1454 1513 vero
1502 1445 1865 1538 quempiam
1898 1422 2111 1516 videas
2148 1448 2315 1513 fastu
2356 1470 2430 1514 ac
2462 1433 2758 1538 superbia

710 1561 992 1635 elatum,
1035 1555 1229 1624 veluti
1258 1555 1366 1645 qui
1403 1555 1483 1621 sit
1509 1556 1828 1646 particeps
1863 1554 2103 1644 gratiae,
2138 1547 2244 1621 hic
2275 1552 2424 1618 licet
2454 1552 2625 1643 signa
2657 1550 2758 1616 sa-

714 1667 877 1743 ciat,
924 1688 996 1731 ac
1029 1676 1314 1730 mortuos
1352 1663 1725 1738 exsuscitet,
1779 1674 1844 1727 et
1886 1685 2011 1726 non
2045 1675 2257 1726 tamen
2287 1627 2519 1725 haheat
2552 1657 2760 1745 abjec

712 1782 843 1834 tam
866 1779 928 1831 et
950 1765 1261 1856 humilem
1289 1765 1607 1838 animam,
1643 1785 1763 1842 nec
1783 1784 2029 1850 pauper
2051 1761 2277 1848 spiritu
2303 1770 2367 1824 et
2389 1760 2760 1832 abominan-

713 1869 832 1936 d'us
870 1868 984 1940 sit,
1033 1865 1097 1930 is
1114 1864 1470 1956 surripitur
1511 1887 1545 1930 a
1575 1862 1757 1944 vitio,
1783 1862 2143 1958 etquidem
2176 1858 2472 1928 nescius:
2501 1853 2570 1928 et
2609 1865 2758 1931 iicet

711 1974 886 2063 signa
918 1968 1140 2044 saciat,
1183 1991 1312 2036 non
1341 1980 1555 2034 tamen
1594 1967 1652 2034 ei
1690 1949 2082 2032 credendum
2115 1978 2229 2031 est.
2280 1961 2549 2053 Signum
2579 1969 2758 2036 ‚enim

712 2070 1163 2142 christianismi
1201 2070 1326 2136 hoc
1351 2084 1483 2149 est,
1517 2084 1587 2136 ut
1621 2053 1843 2162 aliquis
1875 2072 2013 2139 Deo
2052 2070 2133 2138 sit
2160 2071 2513 2162 probatus,
2554 2085 2758 2162 utque

706 2171 957 2245 studeat
996 2178 1196 2243 latere
1226 2198 1440 2254 coram
1468 2175 1879 2255 hominibus;
1925 2191 1991 2243 et
2024 2191 2135 2258 ut,
2188 2177 2237 2242 si
2283 2177 2385 2241 vel
2422 2175 2756 2244 universos

702 2282 1033 2349 thesauros
1070 2280 1233 2372 regis
1267 2281 1619 2372 possideat,
1667 2307 1776 2349 eos
1810 2281 2092 2349 occultet
2124 2304 2199 2349 ac
2236 2303 2485 2374 semper
2516 2280 2685 2346 dicat
2729 2306 2747 2346 ε

722 2413 748 2448 α
776 2385 1140 2455 Thesaurus
1164 2411 1292 2455 non
1316 2402 1411 2456 est
1441 2379 1658 2467 meus,
1694 2392 1806 2458 sed
1840 2388 1997 2456 alius
2027 2413 2177 2456 eum
2211 2390 2384 2480 apud
2414 2410 2517 2453 me
2551 2384 2750 2476 depo-

704 2495 874 2561 »suit
907 2518 923 2559 z
961 2517 1078 2586 ogo
1111 2496 1283 2562 enim
1319 2497 1653 2564 mendicus
1690 2520 1829 2562 sum
1872 2521 1888 2561 ε
1927 2510 1992 2562 et
2022 2497 2276 2585 quaudo
2309 2496 2369 2560 ei
2397 2492 2742 2585 placuerit,

703 2608 994 2691 »repetet
1031 2624 1181 2667 eum
1220 2626 1255 2667 a
1299 2623 1423 2665 me.
1458 2629 1483 2660 ι
1530 2599 1595 2663 Si
1644 2622 1793 2662 vero
1815 2595 1972 2685 'quis
2009 2601 2219 2681 dicat,
2271 2626 2296 2658 ι
2327 2588 2512 2665 Dives
2556 2620 2735 2673 sum,

701 2733 728 2768 ι
747 2703 1000 2783 sufficit,
1042 2708 1211 2771 hona
1242 2704 1558 2791 possideo,
1583 2700 1743 2764 nihil
1771 2699 2313 2787 ampliusindigeo
2332 2751 2352 2777 ,
2383 2730 2408 2763 ι
2426 2703 2738 2793 ejusmodi

701 2812 813 2899 qui
840 2820 965 2887 est,
1003 2830 1131 2873 non
1151 2817 1247 2872 est
1280 2803 1674 2867 Christianus
1698 2850 1712 2873 ,
1741 2802 1855 2865 sed
1879 2824 1984 2866 vas
2009 2803 2374 2892 imposturae
2391 2820 2454 2872 et
2481 2807 2729 2873 diaboli.

697 2913 1050 2985 Delectatio
1083 2909 1252 2975 enim
1280 2907 1402 2971 Dei
1434 2905 1804 2972 insatiabilis
1835 2919 1964 2985 est,
2001 2918 2066 2972 et
2099 2922 2338 2995 quanto
2369 2913 2571 2997 magis
2603 2912 2737 3007 quis

697 3017 963 3110 gusu‘irit
1010 3027 1074 3079 et
1115 3012 1359 3090 ederit,
1399 3024 1576 3079 tanto
1607 3013 1805 3104 magis
1851 3014 2104 3080 esuriet.
2165 3014 2245 3079 Et
2281 3002 2388 3103 qui
2420 3014 2734 3111 ejusmodi

697 3132 879 3193 sunt,
914 3118 1207 3184 ardorem
1236 3131 1423 3206 atque
1460 3142 1742 3185 amorem
1772 3143 1918 3209 erga
1947 3118 2291 3185 Dominum
2323 3119 2596 3198 habent,
2627 3121 2732 3210 qui

695 3224 977 3293 eossrceri
1013 3224 1270 3312 nequit,
1315 3235 1379 3289 ot
1412 3236 1646 3311 quanto
1679 3225 1992 3313 majorem
2030 3224 2437 3291 adhibuerint
2473 3250 2730 3316 operam

688 3326 1085 3421 proficiendi
1118 3322 1191 3393 ac
1232 3326 1593 3404 crescendi,
1637 3339 1811 3423 tanto
1847 3353 1915 3415 se
1960 3331 2367 3420 pauperiores
2396 3343 2723 3420 reputant,

689 3446 992 3522 tanquam
1043 3432 1225 3523 egeni
1275 3455 1347 3497 ac
1386 3429 1546 3501 nihil
1598 3432 2008 3521 possidentes.
2064 3434 2203 3499 Hoc
2248 3434 2417 3499 enim
2449 3433 2718 3499 dicunt:

707 3536 905 3605 «Non
939 3559 1079 3601 sum
1110 3536 1363 3625 dignus,
1403 3520 1475 3601 ut
1501 3539 1595 3623 sol
1629 3538 1815 3603 radiis
1850 3537 1977 3603 suis
2012 3561 2115 3605 me
2158 3538 2486 3604 illuminet.
2518 3566 2543 3599 υ
2583 3538 2718 3605 Hoc

685 3648 783 3713 θὲῑ
805 3642 1051 3731 signnm
1080 3641 1558 3717 christianismi,
1591 3643 1719 3731 ipsa
1754 3643 1997 3707 scilicet
2028 3641 2369 3737 humilitas,

730 3746 1278 3819 XXXV111.At
1324 3749 1374 3814 si
1415 3748 1728 3839 quispiam
1765 3747 1980 3815 dicat.
2033 3775 2059 3810 ι
2092 3748 2442 3816 Contentus
2481 3770 2621 3817 sum
2650 3761 2719 3814 et

675 3856 945 3949 plenus,
982 3880 1009 3915 ι
1055 3854 1352 3921 seductor
1390 3854 1502 3920 ille
1542 3865 1675 3930 est,
1708 3866 1774 3919 et
1806 3855 2102 3922 mendax.
2151 3834 2712 3951 Quemadmodum

681 3958 854 4031 enim
889 3957 1313 4047 glorificatum
1341 3968 1439 4026 est
1475 3980 1708 4045 corpus
1737 3957 2027 4035 Domini,
2065 3981 2214 4028 cum
2246 3950 2713 4028 conscendisset
