<?xml version="1.0" encoding="UTF-8"?>
<!DOCTYPE html PUBLIC "-//W3C//DTD XHTML 1.0 Transitional//EN"
    "http://www.w3.org/TR/xhtml1/DTD/xhtml1-transitional.dtd">
<html xmlns="http://www.w3.org/1999/xhtml" xml:lang="en" lang="en">
 <head>
  <title>
</title>
<meta http-equiv="Content-Type" content="text/html;charset=utf-8" />
  <meta name='ocr-system' content='tesseract 3.04.00' />
  <meta name='ocr-capabilities' content='ocr_page ocr_carea ocr_par ocr_line ocrx_word'/>
</head>
<body>
  <div class='ocr_page' id='page_1' title='image "./sanctorummacari00egypgoog_0194.png"; bbox 0 0 2982 4885; ppageno 0'>
   <div class='ocr_carea' id='block_1_1' title="bbox 605 436 1963 571">
    <p class='ocr_par' dir='ltr' id='par_1_1' title="bbox 605 436 1963 571">
     <span class='ocr_line' id='line_1_1' title="bbox 605 436 1963 571; baseline -0.004 -53"><span class='ocrx_word' id='word_1_1' title='bbox 605 436 729 571; x_wconf 44' lang='lat'><strong>17}</strong></span> <span class='ocrx_word' id='word_1_2' title='bbox 1277 466 1326 509; x_wconf 77' lang='lat' dir='ltr'><strong>s.</strong></span> <span class='ocrx_word' id='word_1_3' title='bbox 1380 463 1646 515; x_wconf 72' lang='grc' dir='ltr'>ιιιοιιιι</span> <span class='ocrx_word' id='word_1_4' title='bbox 1690 463 1963 512; x_wconf 60' lang='grc' dir='ltr'>Μῖνι-ιι</span> 
     </span>
    </p>
   </div>
   <div class='ocr_carea' id='block_1_2' title="bbox 571 574 2639 4041">
    <p class='ocr_par' dir='ltr' id='par_1_2' title="bbox 571 574 2639 4041">
     <span class='ocr_line' id='line_1_2' title="bbox 597 574 2636 695; baseline -0.001 -40"><span class='ocrx_word' id='word_1_5' title='bbox 597 618 766 695; x_wconf 50' lang='grc' dir='ltr'><strong>(με</strong></span> <span class='ocrx_word' id='word_1_6' title='bbox 751 586 1003 687; x_wconf 70' lang='lat' dir='ltr'><strong>inutiles</strong></span> <span class='ocrx_word' id='word_1_7' title='bbox 1043 580 1412 657; x_wconf 87' lang='lat' dir='ltr'><strong>hominibus</strong></span> <span class='ocrx_word' id='word_1_8' title='bbox 1451 577 1636 646; x_wconf 80' lang='lat' dir='ltr'><strong>flunt.</strong></span> <span class='ocrx_word' id='word_1_9' title='bbox 1675 580 1917 648; x_wconf 87' lang='lat' dir='ltr'><strong>Eodem</strong></span> <span class='ocrx_word' id='word_1_10' title='bbox 1954 582 2179 660; x_wconf 88' lang='lat' dir='ltr'><strong>modo,</strong></span> <span class='ocrx_word' id='word_1_11' title='bbox 2217 597 2452 653; x_wconf 80' lang='lat' dir='ltr'><strong>statuas</strong></span> <span class='ocrx_word' id='word_1_12' title='bbox 2483 574 2636 653; x_wconf 76' lang='lat' dir='ltr'><strong>mihi</strong></span> 
     </span>
     <span class='ocr_line' id='line_1_3' title="bbox 596 658 2636 785; baseline -0.005 -18"><span class='ocrx_word' id='word_1_13' title='bbox 596 718 852 767; x_wconf 92' lang='lat' dir='ltr'><strong>omnem</strong></span> <span class='ocrx_word' id='word_1_14' title='bbox 887 658 1352 785; x_wconf 73' lang='lat' dir='ltr'><strong>humanitatem</strong></span> <span class='ocrx_word' id='word_1_15' title='bbox 1390 708 1649 751; x_wconf 87' lang='lat' dir='ltr'><strong>earnem</strong></span> <span class='ocrx_word' id='word_1_16' title='bbox 1680 710 1854 764; x_wconf 85' lang='lat' dir='ltr'><strong>esse,</strong></span> <span class='ocrx_word' id='word_1_17' title='bbox 1887 699 1996 752; x_wconf 90' lang='lat' dir='ltr'><strong>aut</strong></span> <span class='ocrx_word' id='word_1_18' title='bbox 2035 709 2309 755; x_wconf 83' lang='lat' dir='ltr'><strong>massam</strong></span> <span class='ocrx_word' id='word_1_19' title='bbox 2342 690 2636 756; x_wconf 82' lang='lat' dir='ltr'><strong>fermenti</strong></span> 
     </span>
     <span class='ocr_line' id='line_1_4' title="bbox 667 774 2636 905; baseline -0.004 -37.996"><span class='ocrx_word' id='word_1_20' title='bbox 667 812 946 905; x_wconf 77' lang='lat' dir='ltr'><strong>pertem3</strong></span> <span class='ocrx_word' id='word_1_21' title='bbox 981 774 1308 862; x_wconf 79' lang='lat' dir='ltr'><strong>solantem</strong></span> <span class='ocrx_word' id='word_1_22' title='bbox 1340 814 1410 857; x_wconf 88' lang='lat' dir='ltr'><strong>ac</strong></span> <span class='ocrx_word' id='word_1_23' title='bbox 1436 791 1819 858; x_wconf 84' lang='lat' dir='ltr'><strong>fermentum</strong></span> <span class='ocrx_word' id='word_1_24' title='bbox 1850 815 1930 858; x_wconf 86' lang='lat' dir='ltr'><strong>ex</strong></span> <span class='ocrx_word' id='word_1_25' title='bbox 1968 795 2164 865; x_wconf 83' lang='lat' dir='ltr'><strong>altero</strong></span> <span class='ocrx_word' id='word_1_26' title='bbox 2197 799 2433 862; x_wconf 80' lang='lat' dir='ltr'><strong>saeculo</strong></span> <span class='ocrx_word' id='word_1_27' title='bbox 2457 797 2636 862; x_wconf 92' lang='lat' dir='ltr'><strong>intel-</strong></span> 
     </span>
     <span class='ocr_line' id='line_1_5' title="bbox 589 827 2635 1009; baseline -0.004 -35"><span class='ocrx_word' id='word_1_28' title='bbox 589 827 790 1009; x_wconf 53' lang='grc' dir='ltr'><strong>ἔξω</strong></span> <span class='ocrx_word' id='word_1_29' title='bbox 790 927 964 980; x_wconf 78' lang='lat' dir='ltr'><strong>esse,</strong></span> <span class='ocrx_word' id='word_1_30' title='bbox 1012 899 1290 993; x_wconf 83' lang='lat' dir='ltr'><strong>divinam</strong></span> <span class='ocrx_word' id='word_1_31' title='bbox 1329 896 1572 962; x_wconf 86' lang='lat' dir='ltr'><strong>scilicet</strong></span> <span class='ocrx_word' id='word_1_32' title='bbox 1601 908 1893 963; x_wconf 91' lang='lat' dir='ltr'><strong>naturam</strong></span> <span class='ocrx_word' id='word_1_33' title='bbox 1936 899 2209 988; x_wconf 82' lang='lat' dir='ltr'><strong>Spiritus</strong></span> <span class='ocrx_word' id='word_1_34' title='bbox 2237 902 2461 967; x_wconf 86' lang='lat' dir='ltr'><strong>sancti.</strong></span> <span class='ocrx_word' id='word_1_35' title='bbox 2505 898 2635 968; x_wconf 80' lang='lat' dir='ltr'><strong>Nisi</strong></span> 
     </span>
     <span class='ocr_line' id='line_1_6' title="bbox 586 982 2639 1111; baseline -0.003 -34.99"><span class='ocrx_word' id='word_1_36' title='bbox 586 1034 745 1111; x_wconf 68' lang='lat' dir='ltr'><strong>ergo</strong></span> <span class='ocrx_word' id='word_1_37' title='bbox 796 1004 1217 1103; x_wconf 81' lang='lat' dir='ltr'><strong>permixtum,</strong></span> <span class='ocrx_word' id='word_1_38' title='bbox 1260 982 1325 1067; x_wconf 82' lang='lat' dir='ltr'><strong>et</strong></span> <span class='ocrx_word' id='word_1_39' title='bbox 1358 1001 1709 1069; x_wconf 85' lang='lat' dir='ltr'><strong>immissum</strong></span> <span class='ocrx_word' id='word_1_40' title='bbox 1738 1001 1968 1070; x_wconf 86' lang='lat' dir='ltr'><strong>suerit</strong></span> <span class='ocrx_word' id='word_1_41' title='bbox 1952 1026 2017 1068; x_wconf 90' lang='grc' dir='ltr'><strong>ιιι</strong></span> <span class='ocrx_word' id='word_1_42' title='bbox 2037 1004 2431 1072; x_wconf 70' lang='lat' dir='ltr'><strong>humiliatam</strong></span> <span class='ocrx_word' id='word_1_43' title='bbox 2457 1017 2639 1070; x_wconf 91' lang='lat' dir='ltr'><strong>natu-</strong></span> 
     </span>
     <span class='ocr_line' id='line_1_7' title="bbox 591 1086 2638 1199; baseline -0.004 -14"><span class='ocrx_word' id='word_1_44' title='bbox 591 1139 727 1185; x_wconf 87' lang='lat' dir='ltr'><strong>ram</strong></span> <span class='ocrx_word' id='word_1_45' title='bbox 759 1113 1094 1183; x_wconf 87' lang='lat' dir='ltr'><strong>hominum</strong></span> <span class='ocrx_word' id='word_1_46' title='bbox 1141 1130 1220 1174; x_wconf 85' lang='lat' dir='ltr'><strong>ex</strong></span> <span class='ocrx_word' id='word_1_47' title='bbox 1267 1086 1374 1173; x_wconf 82' lang='lat' dir='ltr'><strong>iilo</strong></span> <span class='ocrx_word' id='word_1_48' title='bbox 1418 1108 1683 1184; x_wconf 83' lang='lat' dir='ltr'><strong>saeculo,</strong></span> <span class='ocrx_word' id='word_1_49' title='bbox 1734 1120 1909 1174; x_wconf 85' lang='lat' dir='ltr'><strong>etex</strong></span> <span class='ocrx_word' id='word_1_50' title='bbox 1948 1109 2052 1176; x_wconf 88' lang='lat' dir='ltr'><strong>illa</strong></span> <span class='ocrx_word' id='word_1_51' title='bbox 2098 1110 2339 1199; x_wconf 90' lang='lat' dir='ltr'><strong>patria,</strong></span> <span class='ocrx_word' id='word_1_52' title='bbox 2380 1112 2638 1177; x_wconf 84' lang='lat' dir='ltr'><strong>coeleste</strong></span> 
     </span>
     <span class='ocr_line' id='line_1_8' title="bbox 588 1190 2634 1325; baseline -0.005 -36"><span class='ocrx_word' id='word_1_53' title='bbox 588 1190 860 1325; x_wconf 76' lang='lat' dir='ltr'><strong>Spiritus</strong></span> <span class='ocrx_word' id='word_1_54' title='bbox 884 1202 1294 1290; x_wconf 77' lang='lat' dir='ltr'><strong>fermentum,</strong></span> <span class='ocrx_word' id='word_1_55' title='bbox 1321 1226 1740 1302; x_wconf 84' lang='lat' dir='ltr'><strong>sanctumque</strong></span> <span class='ocrx_word' id='word_1_56' title='bbox 1765 1236 1840 1280; x_wconf 88' lang='lat' dir='ltr'><strong>ac</strong></span> <span class='ocrx_word' id='word_1_57' title='bbox 1862 1213 2104 1280; x_wconf 87' lang='lat' dir='ltr'><strong>bonum</strong></span> <span class='ocrx_word' id='word_1_58' title='bbox 2130 1215 2485 1283; x_wconf 83' lang='lat' dir='ltr'><strong>Divinitatis</strong></span> <span class='ocrx_word' id='word_1_59' title='bbox 2517 1215 2634 1293; x_wconf 82' lang='lat' dir='ltr'><strong>sal,</strong></span> 
     </span>
     <span class='ocr_line' id='line_1_9' title="bbox 588 1319 2632 1409; baseline -0.005 -15"><span class='ocrx_word' id='word_1_60' title='bbox 588 1349 719 1395; x_wconf 90' lang='lat' dir='ltr'><strong>non</strong></span> <span class='ocrx_word' id='word_1_61' title='bbox 736 1336 925 1392; x_wconf 86' lang='lat' dir='ltr'><strong>exuet</strong></span> <span class='ocrx_word' id='word_1_62' title='bbox 938 1322 1144 1389; x_wconf 84' lang='lat' dir='ltr'><strong>anima</strong></span> <span class='ocrx_word' id='word_1_63' title='bbox 1155 1319 1649 1409; x_wconf 80' lang='lat' dir='ltr'><strong>graveolentiam</strong></span> <span class='ocrx_word' id='word_1_64' title='bbox 1662 1320 1951 1403; x_wconf 63' lang='lat' dir='ltr'><strong>malitiae,</strong></span> <span class='ocrx_word' id='word_1_65' title='bbox 1979 1342 2098 1386; x_wconf 88' lang='lat' dir='ltr'><strong>nec</strong></span> <span class='ocrx_word' id='word_1_66' title='bbox 2123 1319 2632 1395; x_wconf 80' lang='lat' dir='ltr'><strong>fermentabitur,</strong></span> 
     </span>
     <span class='ocr_line' id='line_1_10' title="bbox 591 1418 2626 1519; baseline -0.005 -20"><span class='ocrx_word' id='word_1_67' title='bbox 591 1433 680 1501; x_wconf 81' lang='lat' dir='ltr'><strong>ita</strong></span> <span class='ocrx_word' id='word_1_68' title='bbox 703 1443 776 1497; x_wconf 87' lang='grc' dir='ltr'><strong>ιιι</strong></span> <span class='ocrx_word' id='word_1_69' title='bbox 807 1430 1082 1519; x_wconf 84' lang='lat' dir='ltr'><strong>deponat</strong></span> <span class='ocrx_word' id='word_1_70' title='bbox 1104 1426 1520 1515; x_wconf 81' lang='lat' dir='ltr'><strong>gravitatem,</strong></span> <span class='ocrx_word' id='word_1_71' title='bbox 1546 1438 1613 1492; x_wconf 82' lang='lat' dir='ltr'><strong>et</strong></span> <span class='ocrx_word' id='word_1_72' title='bbox 1633 1449 1834 1493; x_wconf 84' lang='lat' dir='ltr'><strong>vacua</strong></span> <span class='ocrx_word' id='word_1_73' title='bbox 1865 1427 1945 1493; x_wconf 85' lang='lat' dir='ltr'><strong>sit</strong></span> <span class='ocrx_word' id='word_1_74' title='bbox 1968 1450 2001 1491; x_wconf 92' lang='lat' dir='ltr'><strong>a</strong></span> <span class='ocrx_word' id='word_1_75' title='bbox 2021 1425 2331 1493; x_wconf 82' lang='lat' dir='ltr'><strong>fermento</strong></span> <span class='ocrx_word' id='word_1_76' title='bbox 2356 1418 2626 1491; x_wconf 70' lang='lat' dir='ltr'><strong>malitiae.</strong></span> 
     </span>
     <span class='ocr_line' id='line_1_11' title="bbox 589 1521 2636 1654; baseline -0.002 -52"><span class='ocrx_word' id='word_1_77' title='bbox 589 1521 598 1536; x_wconf 59' lang='lat'>⁸</span> <span class='ocrx_word' id='word_1_78' title='bbox 674 1537 746 1609; x_wconf 90' lang='lat' dir='ltr'><strong>V.</strong></span> <span class='ocrx_word' id='word_1_79' title='bbox 800 1537 1242 1631; x_wconf 71' lang='lat' dir='ltr'><strong>Quaecumque</strong></span> <span class='ocrx_word' id='word_1_80' title='bbox 1273 1522 1446 1600; x_wconf 79' lang='lat' dir='ltr'><strong>&#39;enim</strong></span> <span class='ocrx_word' id='word_1_81' title='bbox 1479 1534 1734 1601; x_wconf 78' lang='lat' dir='ltr'><strong>videtur</strong></span> <span class='ocrx_word' id='word_1_82' title='bbox 1766 1536 1974 1600; x_wconf 88' lang='lat' dir='ltr'><strong>anima</strong></span> <span class='ocrx_word' id='word_1_83' title='bbox 2010 1557 2127 1654; x_wconf 85' lang='lat' dir='ltr'><strong>per</strong></span> <span class='ocrx_word' id='word_1_84' title='bbox 2157 1558 2224 1600; x_wconf 84' lang='lat' dir='ltr'><strong>se</strong></span> <span class='ocrx_word' id='word_1_85' title='bbox 2247 1555 2465 1623; x_wconf 78' lang='lat' dir='ltr'><strong>agere,</strong></span> <span class='ocrx_word' id='word_1_86' title='bbox 2504 1532 2636 1598; x_wconf 89' lang='lat' dir='ltr'><strong>ela-</strong></span> 
     </span>
     <span class='ocr_line' id='line_1_12' title="bbox 583 1610 2633 1743; baseline -0.005 -31.99"><span class='ocrx_word' id='word_1_87' title='bbox 583 1610 854 1743; x_wconf 78' lang='lat' dir='ltr'><strong>borare,</strong></span> <span class='ocrx_word' id='word_1_88' title='bbox 886 1653 1074 1730; x_wconf 88' lang='lat' dir='ltr'><strong>atque</strong></span> <span class='ocrx_word' id='word_1_89' title='bbox 1097 1638 1450 1733; x_wconf 82' lang='lat' dir='ltr'><strong>perficere,</strong></span> <span class='ocrx_word' id='word_1_90' title='bbox 1484 1641 1632 1706; x_wconf 84' lang='lat' dir='ltr'><strong>solis</strong></span> <span class='ocrx_word' id='word_1_91' title='bbox 1666 1636 1906 1706; x_wconf 74' lang='lat' dir='ltr'><strong>viribus</strong></span> <span class='ocrx_word' id='word_1_92' title='bbox 1931 1640 2057 1705; x_wconf 88' lang='lat' dir='ltr'><strong>suis</strong></span> <span class='ocrx_word' id='word_1_93' title='bbox 2096 1639 2301 1721; x_wconf 80' lang='lat' dir='ltr'><strong>freta,</strong></span> <span class='ocrx_word' id='word_1_94' title='bbox 2327 1650 2391 1704; x_wconf 88' lang='lat' dir='ltr'><strong>et</strong></span> <span class='ocrx_word' id='word_1_95' title='bbox 2421 1637 2633 1703; x_wconf 83' lang='lat' dir='ltr'><strong>existi-</strong></span> 
     </span>
     <span class='ocr_line' id='line_1_13' title="bbox 582 1740 2633 1857; baseline -0.004 -40"><span class='ocrx_word' id='word_1_96' title='bbox 582 1772 768 1843; x_wconf 71' lang='lat' dir='ltr'><strong>mans</strong></span> <span class='ocrx_word' id='word_1_97' title='bbox 811 1770 878 1811; x_wconf 81' lang='lat' dir='ltr'><strong>se</strong></span> <span class='ocrx_word' id='word_1_98' title='bbox 927 1765 1111 1832; x_wconf 84' lang='lat' dir='ltr'><strong>posse</strong></span> <span class='ocrx_word' id='word_1_99' title='bbox 1143 1740 1502 1831; x_wconf 79' lang='lat' dir='ltr'><strong>perfectum</strong></span> <span class='ocrx_word' id='word_1_100' title='bbox 1539 1766 1699 1829; x_wconf 86' lang='lat' dir='ltr'><strong>opus</strong></span> <span class='ocrx_word' id='word_1_101' title='bbox 1735 1767 1772 1806; x_wconf 86' lang='lat' dir='ltr'><strong>a</strong></span> <span class='ocrx_word' id='word_1_102' title='bbox 1816 1766 1884 1807; x_wconf 81' lang='lat' dir='ltr'><strong>se</strong></span> <span class='ocrx_word' id='word_1_103' title='bbox 1915 1744 2105 1829; x_wconf 52' lang='grc' dir='ltr'>ἔρδω,</span> <span class='ocrx_word' id='word_1_104' title='bbox 2134 1745 2374 1857; x_wconf 69' lang='lat' dir='ltr'><strong>absque</strong></span> <span class='ocrx_word' id='word_1_105' title='bbox 2405 1741 2633 1808; x_wconf 83' lang='lat' dir='ltr'><strong>auxilio</strong></span> 
     </span>
     <span class='ocr_line' id='line_1_14' title="bbox 585 1835 2637 1951; baseline -0.001 -36"><span class='ocrx_word' id='word_1_106' title='bbox 585 1835 856 1951; x_wconf 74' lang='lat' dir='ltr'><strong>Spiritus</strong></span> <span class='ocrx_word' id='word_1_107' title='bbox 888 1865 1227 1945; x_wconf 75' lang='lat' dir='ltr'><strong>peragere,</strong></span> <span class='ocrx_word' id='word_1_108' title='bbox 1255 1854 1393 1907; x_wconf 86' lang='lat' dir='ltr'><strong>toto</strong></span> <span class='ocrx_word' id='word_1_109' title='bbox 1418 1845 1579 1905; x_wconf 88' lang='lat' dir='ltr'><strong>coelo</strong></span> <span class='ocrx_word' id='word_1_110' title='bbox 1607 1844 1880 1906; x_wconf 87' lang='lat' dir='ltr'><strong>aberrat.</strong></span> <span class='ocrx_word' id='word_1_111' title='bbox 1918 1842 2059 1907; x_wconf 90' lang='lat' dir='ltr'><strong>Non</strong></span> <span class='ocrx_word' id='word_1_112' title='bbox 2087 1843 2259 1908; x_wconf 84' lang='lat' dir='ltr'><strong>enim</strong></span> <span class='ocrx_word' id='word_1_113' title='bbox 2281 1844 2509 1909; x_wconf 88' lang='lat' dir='ltr'><strong>idonea</strong></span> <span class='ocrx_word' id='word_1_114' title='bbox 2536 1859 2637 1913; x_wconf 85' lang='lat' dir='ltr'><strong>est</strong></span> 
     </span>
     <span class='ocr_line' id='line_1_15' title="bbox 585 1944 2630 2055; baseline -0.003 -36"><span class='ocrx_word' id='word_1_115' title='bbox 585 1954 668 2055; x_wconf 55' lang='lat' dir='ltr'><strong>fd</strong></span> <span class='ocrx_word' id='word_1_116' title='bbox 696 1953 870 2039; x_wconf 83' lang='lat' dir='ltr'><strong>locos</strong></span> <span class='ocrx_word' id='word_1_117' title='bbox 907 1947 1231 2025; x_wconf 80' lang='lat' dir='ltr'><strong>coelestes,</strong></span> <span class='ocrx_word' id='word_1_118' title='bbox 1262 1965 1384 2013; x_wconf 82' lang='lat' dir='ltr'><strong>nec</strong></span> <span class='ocrx_word' id='word_1_119' title='bbox 1415 1944 1643 2008; x_wconf 87' lang='lat' dir='ltr'><strong>idonea</strong></span> <span class='ocrx_word' id='word_1_120' title='bbox 1673 1946 1754 2009; x_wconf 90' lang='lat' dir='ltr'><strong>ad</strong></span> <span class='ocrx_word' id='word_1_121' title='bbox 1788 1968 2089 2034; x_wconf 81' lang='lat' dir='ltr'><strong>rognum,</strong></span> <span class='ocrx_word' id='word_1_122' title='bbox 2125 1968 2268 2032; x_wconf 81' lang='lat' dir='ltr'><strong>quae</strong></span> <span class='ocrx_word' id='word_1_123' title='bbox 2298 1969 2331 2010; x_wconf 92' lang='lat' dir='ltr'><strong>a</strong></span> <span class='ocrx_word' id='word_1_124' title='bbox 2365 1947 2630 2033; x_wconf 83' lang='lat' dir='ltr'><strong>seipsa,</strong></span> 
     </span>
     <span class='ocr_line' id='line_1_16' title="bbox 585 2045 2634 2150; baseline -0 -32"><span class='ocrx_word' id='word_1_125' title='bbox 585 2069 652 2135; x_wconf 68' lang='lat' dir='ltr'><strong>et</strong></span> <span class='ocrx_word' id='word_1_126' title='bbox 665 2076 787 2150; x_wconf 84' lang='lat' dir='ltr'><strong>per</strong></span> <span class='ocrx_word' id='word_1_127' title='bbox 816 2072 884 2115; x_wconf 80' lang='lat' dir='ltr'><strong>so</strong></span> <span class='ocrx_word' id='word_1_128' title='bbox 914 2048 1151 2141; x_wconf 87' lang='lat' dir='ltr'><strong>solam,</strong></span> <span class='ocrx_word' id='word_1_129' title='bbox 1185 2047 1423 2135; x_wconf 81' lang='lat' dir='ltr'><strong>absque</strong></span> <span class='ocrx_word' id='word_1_130' title='bbox 1447 2045 1687 2134; x_wconf 76' lang='grc' dir='ltr'>ὃρίιίιιι</span> <span class='ocrx_word' id='word_1_131' title='bbox 1710 2062 1969 2125; x_wconf 90' lang='lat' dir='ltr'><strong>sancto,</strong></span> <span class='ocrx_word' id='word_1_132' title='bbox 1996 2048 2347 2127; x_wconf 79' lang='lat' dir='ltr'><strong>existimat,</strong></span> <span class='ocrx_word' id='word_1_133' title='bbox 2381 2051 2634 2138; x_wconf 85' lang='lat' dir='ltr'><strong>perfec-</strong></span> 
     </span>
     <span class='ocr_line' id='line_1_17' title="bbox 586 2151 2627 2249; baseline -0.002 -24"><span class='ocrx_word' id='word_1_134' title='bbox 586 2173 718 2225; x_wconf 90' lang='lat' dir='ltr'><strong>tam</strong></span> <span class='ocrx_word' id='word_1_135' title='bbox 760 2153 1103 2249; x_wconf 87' lang='lat' dir='ltr'><strong>puritatem</strong></span> <span class='ocrx_word' id='word_1_136' title='bbox 1145 2151 1418 2217; x_wconf 88' lang='lat' dir='ltr'><strong>efficere.</strong></span> <span class='ocrx_word' id='word_1_137' title='bbox 1473 2152 1608 2218; x_wconf 84' lang='lat' dir='ltr'><strong>Nisi</strong></span> <span class='ocrx_word' id='word_1_138' title='bbox 1647 2153 1817 2220; x_wconf 83' lang='lat' dir='ltr'><strong>enim</strong></span> <span class='ocrx_word' id='word_1_139' title='bbox 1873 2153 1953 2218; x_wconf 92' lang='lat' dir='ltr'><strong>ad</strong></span> <span class='ocrx_word' id='word_1_140' title='bbox 1996 2156 2204 2220; x_wconf 88' lang='lat' dir='ltr'><strong>Deum</strong></span> <span class='ocrx_word' id='word_1_141' title='bbox 2249 2156 2627 2232; x_wconf 85' lang='lat' dir='ltr'><strong>accesserit,</strong></span> 
     </span>
     <span class='ocr_line' id='line_1_18' title="bbox 585 2238 2622 2353; baseline -0.001 -25"><span class='ocrx_word' id='word_1_142' title='bbox 585 2260 696 2351; x_wconf 82' lang='lat' dir='ltr'><strong>qui</strong></span> <span class='ocrx_word' id='word_1_143' title='bbox 720 2256 1161 2353; x_wconf 79' lang='lat' dir='ltr'><strong>affectionibus</strong></span> <span class='ocrx_word' id='word_1_144' title='bbox 1188 2255 1483 2345; x_wconf 83' lang='lat' dir='ltr'><strong>affligitur</strong></span> <span class='ocrx_word' id='word_1_145' title='bbox 1504 2256 1723 2333; x_wconf 85' lang='lat' dir='ltr'><strong>homo,</strong></span> <span class='ocrx_word' id='word_1_146' title='bbox 1758 2270 1823 2322; x_wconf 87' lang='lat' dir='ltr'><strong>et</strong></span> <span class='ocrx_word' id='word_1_147' title='bbox 1855 2238 2168 2323; x_wconf 85' lang='lat' dir='ltr'><strong>mundum</strong></span> <span class='ocrx_word' id='word_1_148' title='bbox 2199 2260 2622 2346; x_wconf 82' lang='lat' dir='ltr'><strong>abnegaverit,</strong></span> 
     </span>
     <span class='ocr_line' id='line_1_19' title="bbox 582 2361 2626 2459; baseline -0.003 -22"><span class='ocrx_word' id='word_1_149' title='bbox 582 2391 661 2454; x_wconf 60' lang='lat' dir='ltr'><strong>ae</strong></span> <span class='ocrx_word' id='word_1_150' title='bbox 686 2369 748 2435; x_wconf 89' lang='lat' dir='ltr'><strong>in</strong></span> <span class='ocrx_word' id='word_1_151' title='bbox 775 2390 884 2459; x_wconf 82' lang='lat' dir='ltr'><strong>spo</strong></span> <span class='ocrx_word' id='word_1_152' title='bbox 911 2387 983 2453; x_wconf 70' lang='lat' dir='ltr'><strong>ac</strong></span> <span class='ocrx_word' id='word_1_153' title='bbox 1012 2362 1310 2455; x_wconf 86' lang='lat' dir='ltr'><strong>patientia</strong></span> <span class='ocrx_word' id='word_1_154' title='bbox 1338 2361 1712 2437; x_wconf 83' lang='lat' dir='ltr'><strong>crediderit,</strong></span> <span class='ocrx_word' id='word_1_155' title='bbox 1739 2386 1806 2428; x_wconf 85' lang='lat' dir='ltr'><strong>se</strong></span> <span class='ocrx_word' id='word_1_156' title='bbox 1829 2375 2276 2454; x_wconf 85' lang='lat' dir='ltr'><strong>suscepturum</strong></span> <span class='ocrx_word' id='word_1_157' title='bbox 2308 2367 2626 2452; x_wconf 82' lang='lat' dir='ltr'><strong>quoddam</strong></span> 
     </span>
     <span class='ocr_line' id='line_1_20' title="bbox 584 2460 2619 2560; baseline -0.002 -17"><span class='ocrx_word' id='word_1_158' title='bbox 584 2460 830 2543; x_wconf 78' lang='lat' dir='ltr'><strong>bonnm</strong></span> <span class='ocrx_word' id='word_1_159' title='bbox 864 2472 1036 2540; x_wconf 88' lang='lat' dir='ltr'><strong>aliud</strong></span> <span class='ocrx_word' id='word_1_160' title='bbox 1061 2495 1097 2536; x_wconf 87' lang='lat' dir='ltr'><strong>a</strong></span> <span class='ocrx_word' id='word_1_161' title='bbox 1121 2492 1231 2534; x_wconf 85' lang='lat' dir='ltr'><strong>sua</strong></span> <span class='ocrx_word' id='word_1_162' title='bbox 1257 2479 1483 2532; x_wconf 88' lang='lat' dir='ltr'><strong>natura</strong></span> <span class='ocrx_word' id='word_1_163' title='bbox 1504 2517 1522 2543; x_wconf 86' lang='lat'><strong>,</strong></span> <span class='ocrx_word' id='word_1_164' title='bbox 1556 2470 1728 2555; x_wconf 92' lang='lat' dir='ltr'><strong>quod</strong></span> <span class='ocrx_word' id='word_1_165' title='bbox 1752 2480 1847 2534; x_wconf 89' lang='lat' dir='ltr'><strong>est</strong></span> <span class='ocrx_word' id='word_1_166' title='bbox 1876 2469 2075 2534; x_wconf 80' lang='lat' dir='ltr'><strong>virtus</strong></span> <span class='ocrx_word' id='word_1_167' title='bbox 2099 2472 2297 2535; x_wconf 87' lang='lat' dir='ltr'><strong>sancti</strong></span> <span class='ocrx_word' id='word_1_168' title='bbox 2329 2470 2619 2560; x_wconf 66' lang='lat' dir='ltr'><strong>Spiritusg</strong></span> 
     </span>
     <span class='ocr_line' id='line_1_21' title="bbox 584 2572 2623 2669; baseline -0.004 -21"><span class='ocrx_word' id='word_1_169' title='bbox 584 2604 658 2654; x_wconf 87' lang='lat' dir='ltr'><strong>ac</strong></span> <span class='ocrx_word' id='word_1_170' title='bbox 692 2585 965 2669; x_wconf 76' lang='lat' dir='ltr'><strong>desuper</strong></span> <span class='ocrx_word' id='word_1_171' title='bbox 997 2572 1392 2641; x_wconf 86' lang='lat' dir='ltr'><strong>instillaverit</strong></span> <span class='ocrx_word' id='word_1_172' title='bbox 1419 2572 1643 2637; x_wconf 85' lang='lat' dir='ltr'><strong>animae</strong></span> <span class='ocrx_word' id='word_1_173' title='bbox 1667 2574 1980 2641; x_wconf 85' lang='lat' dir='ltr'><strong>Dominus</strong></span> <span class='ocrx_word' id='word_1_174' title='bbox 2010 2575 2204 2640; x_wconf 82' lang='lat' dir='ltr'><strong>vitam</strong></span> <span class='ocrx_word' id='word_1_175' title='bbox 2236 2576 2549 2653; x_wconf 65' lang='lat' dir='ltr'><strong>dixinam,</strong></span> <span class='ocrx_word' id='word_1_176' title='bbox 2573 2575 2623 2640; x_wconf 85' lang='lat' dir='ltr'><strong>is</strong></span> 
     </span>
     <span class='ocr_line' id='line_1_22' title="bbox 585 2673 2621 2784; baseline -0.002 -33"><span class='ocrx_word' id='word_1_177' title='bbox 585 2701 986 2784; x_wconf 82' lang='lat' dir='ltr'><strong>nequaquam</strong></span> <span class='ocrx_word' id='word_1_178' title='bbox 1026 2697 1240 2742; x_wconf 82' lang='lat' dir='ltr'><strong>veram</strong></span> <span class='ocrx_word' id='word_1_179' title='bbox 1286 2673 1478 2762; x_wconf 84' lang='lat' dir='ltr'><strong>vitam</strong></span> <span class='ocrx_word' id='word_1_180' title='bbox 1535 2675 1882 2762; x_wconf 82' lang='lat' dir='ltr'><strong>percipiet,</strong></span> <span class='ocrx_word' id='word_1_181' title='bbox 1928 2701 2136 2766; x_wconf 83' lang='lat' dir='ltr'><strong>neque</strong></span> <span class='ocrx_word' id='word_1_182' title='bbox 2177 2680 2504 2770; x_wconf 83' lang='lat' dir='ltr'><strong>resipiscet</strong></span> <span class='ocrx_word' id='word_1_183' title='bbox 2545 2681 2621 2747; x_wconf 86' lang='lat' dir='ltr'><strong>ab</strong></span> 
     </span>
     <span class='ocr_line' id='line_1_23' title="bbox 584 2773 2621 2875; baseline -0.001 -19"><span class='ocrx_word' id='word_1_184' title='bbox 584 2773 894 2856; x_wconf 81' lang='lat' dir='ltr'><strong>ebrietate</strong></span> <span class='ocrx_word' id='word_1_185' title='bbox 924 2780 1240 2852; x_wconf 79' lang='lat' dir='ltr'><strong>materiae3</strong></span> <span class='ocrx_word' id='word_1_186' title='bbox 1270 2798 1386 2843; x_wconf 87' lang='lat' dir='ltr'><strong>nec</strong></span> <span class='ocrx_word' id='word_1_187' title='bbox 1411 2775 1679 2866; x_wconf 81' lang='lat' dir='ltr'><strong>fulgebit</strong></span> <span class='ocrx_word' id='word_1_188' title='bbox 1699 2783 1996 2871; x_wconf 74' lang='lat' dir='ltr'><strong>splendor</strong></span> <span class='ocrx_word' id='word_1_189' title='bbox 2015 2785 2335 2875; x_wconf 84' lang='lat' dir='ltr'><strong>Spiritus</strong></span> <span class='ocrx_word' id='word_1_190' title='bbox 2317 2811 2384 2851; x_wconf 91' lang='grc' dir='ltr'><strong>ιιι</strong></span> <span class='ocrx_word' id='word_1_191' title='bbox 2417 2789 2621 2853; x_wconf 91' lang='lat' dir='ltr'><strong>anima</strong></span> 
     </span>
     <span class='ocr_line' id='line_1_24' title="bbox 587 2879 2620 2996; baseline -0.002 -35.99"><span class='ocrx_word' id='word_1_192' title='bbox 587 2891 1041 2996; x_wconf 80' lang='lat' dir='ltr'><strong>obtenebrata,</strong></span> <span class='ocrx_word' id='word_1_193' title='bbox 1083 2893 1192 2948; x_wconf 81' lang='lat' dir='ltr'><strong>ant</strong></span> <span class='ocrx_word' id='word_1_194' title='bbox 1222 2879 1664 2950; x_wconf 84' lang='lat' dir='ltr'><strong>illuminabit</strong></span> <span class='ocrx_word' id='word_1_195' title='bbox 1646 2907 1712 2950; x_wconf 90' lang='grc' dir='ltr'><strong>ιιι</strong></span> <span class='ocrx_word' id='word_1_196' title='bbox 1752 2908 1826 2952; x_wconf 87' lang='lat' dir='ltr'><strong>ea</strong></span> <span class='ocrx_word' id='word_1_197' title='bbox 1867 2901 2153 2955; x_wconf 85' lang='lat' dir='ltr'><strong>sanctam</strong></span> <span class='ocrx_word' id='word_1_198' title='bbox 2195 2890 2399 2967; x_wconf 89' lang='lat' dir='ltr'><strong>diem,</strong></span> <span class='ocrx_word' id='word_1_199' title='bbox 2435 2914 2554 2958; x_wconf 88' lang='lat' dir='ltr'><strong>nec</strong></span> <span class='ocrx_word' id='word_1_200' title='bbox 2586 2912 2620 2957; x_wconf 89' lang='lat' dir='ltr'><strong>a</strong></span> 
     </span>
     <span class='ocr_line' id='line_1_25' title="bbox 585 2985 2619 3084; baseline -0.002 -21"><span class='ocrx_word' id='word_1_201' title='bbox 585 3017 814 3082; x_wconf 56' lang='lat' dir='ltr'><strong>somno</strong></span> <span class='ocrx_word' id='word_1_202' title='bbox 844 2985 1334 3084; x_wconf 79' lang='lat' dir='ltr'><strong>profundissimo</strong></span> <span class='ocrx_word' id='word_1_203' title='bbox 1364 2985 1730 3076; x_wconf 68' lang='lat' dir='ltr'><strong>ignorantiae</strong></span> <span class='ocrx_word' id='word_1_204' title='bbox 1751 2991 2154 3070; x_wconf 79' lang='lat' dir='ltr'><strong>excitabitur,</strong></span> <span class='ocrx_word' id='word_1_205' title='bbox 2180 3007 2253 3062; x_wconf 90' lang='lat' dir='ltr'><strong>ut</strong></span> <span class='ocrx_word' id='word_1_206' title='bbox 2273 2996 2399 3060; x_wconf 89' lang='lat' dir='ltr'><strong>hoe</strong></span> <span class='ocrx_word' id='word_1_207' title='bbox 2428 2995 2619 3061; x_wconf 88' lang='lat' dir='ltr'><strong>modo</strong></span> 
     </span>
     <span class='ocr_line' id='line_1_26' title="bbox 588 3083 2620 3230; baseline 0.001 -67"><span class='ocrx_word' id='word_1_208' title='bbox 588 3083 813 3178; x_wconf 51' lang='lat' dir='ltr'><strong>{evera</strong></span> <span class='ocrx_word' id='word_1_209' title='bbox 856 3098 1064 3190; x_wconf 80' lang='lat' dir='ltr'><strong>Deum</strong></span> <span class='ocrx_word' id='word_1_210' title='bbox 1106 3099 1448 3183; x_wconf 80' lang='lat' dir='ltr'><strong>cognoseat</strong></span> <span class='ocrx_word' id='word_1_211' title='bbox 1502 3117 1619 3184; x_wconf 84' lang='lat' dir='ltr'><strong>per</strong></span> <span class='ocrx_word' id='word_1_212' title='bbox 1657 3095 1956 3165; x_wconf 84' lang='lat' dir='ltr'><strong>virtutem</strong></span> <span class='ocrx_word' id='word_1_213' title='bbox 2005 3097 2125 3200; x_wconf 89' lang='lat' dir='ltr'><strong>Dei</strong></span> <span class='ocrx_word' id='word_1_214' title='bbox 2166 3112 2232 3167; x_wconf 87' lang='lat' dir='ltr'><strong>et</strong></span> <span class='ocrx_word' id='word_1_215' title='bbox 2275 3099 2620 3230; x_wconf 82' lang='lat' dir='ltr'><strong>effieaciam</strong></span> 
     </span>
     <span class='ocr_line' id='line_1_27' title="bbox 571 3183 906 3298; baseline 0 -26"><span class='ocrx_word' id='word_1_216' title='bbox 571 3183 822 3298; x_wconf 29' lang='lat' dir='ltr'><strong>,gratita</strong></span> <span class='ocrx_word' id='word_1_217' title='bbox 897 3267 906 3282; x_wconf 73' lang='grc'>,</span> 
     </span>
     <span class='ocr_line' id='line_1_28' title="bbox 589 3306 2622 3402; baseline -0 -25"><span class='ocrx_word' id='word_1_218' title='bbox 589 3393 604 3401; x_wconf 32' lang='grc' dir='ltr'><strong><em>ο</em></strong></span> <span class='ocrx_word' id='word_1_219' title='bbox 676 3307 783 3378; x_wconf 86' lang='lat' dir='ltr'><strong>v1.</strong></span> <span class='ocrx_word' id='word_1_220' title='bbox 838 3306 972 3380; x_wconf 84' lang='lat' dir='ltr'><strong>Nisi</strong></span> <span class='ocrx_word' id='word_1_221' title='bbox 1017 3307 1188 3382; x_wconf 86' lang='lat' dir='ltr'><strong>enim</strong></span> <span class='ocrx_word' id='word_1_222' title='bbox 1237 3308 1328 3376; x_wconf 86' lang='lat' dir='ltr'><strong>sie</strong></span> <span class='ocrx_word' id='word_1_223' title='bbox 1367 3307 1595 3397; x_wconf 86' lang='lat' dir='ltr'><strong>dignus</strong></span> <span class='ocrx_word' id='word_1_224' title='bbox 1648 3307 1957 3377; x_wconf 80' lang='lat' dir='ltr'><strong>habeatur</strong></span> <span class='ocrx_word' id='word_1_225' title='bbox 2007 3309 2201 3377; x_wconf 89' lang='lat' dir='ltr'><strong>homo</strong></span> <span class='ocrx_word' id='word_1_226' title='bbox 2264 3333 2379 3402; x_wconf 86' lang='lat' dir='ltr'><strong>per</strong></span> <span class='ocrx_word' id='word_1_227' title='bbox 2428 3307 2622 3377; x_wconf 87' lang='lat' dir='ltr'><strong>fidem</strong></span> 
     </span>
     <span class='ocr_line' id='line_1_29' title="bbox 660 3412 2620 3514; baseline 0.001 -33"><span class='ocrx_word' id='word_1_228' title='bbox 660 3415 851 3481; x_wconf 86' lang='lat' dir='ltr'><strong>atiam</strong></span> <span class='ocrx_word' id='word_1_229' title='bbox 908 3413 1246 3514; x_wconf 73' lang='lat' dir='ltr'><strong>consequi,</strong></span> <span class='ocrx_word' id='word_1_230' title='bbox 1294 3412 1535 3482; x_wconf 87' lang='lat' dir='ltr'><strong>inutilis</strong></span> <span class='ocrx_word' id='word_1_231' title='bbox 1582 3427 1725 3490; x_wconf 88' lang='lat' dir='ltr'><strong>est,</strong></span> <span class='ocrx_word' id='word_1_232' title='bbox 1807 3438 1926 3482; x_wconf 85' lang='lat' dir='ltr'><strong>nec</strong></span> <span class='ocrx_word' id='word_1_233' title='bbox 1980 3429 2162 3506; x_wconf 86' lang='lat' dir='ltr'><strong>aptus</strong></span> <span class='ocrx_word' id='word_1_234' title='bbox 2214 3414 2293 3482; x_wconf 85' lang='lat' dir='ltr'><strong>ad</strong></span> <span class='ocrx_word' id='word_1_235' title='bbox 2353 3436 2620 3506; x_wconf 80' lang='lat' dir='ltr'><strong>regnum</strong></span> 
     </span>
     <span class='ocr_line' id='line_1_30' title="bbox 580 3439 2612 3626; baseline -0.002 -37"><span class='ocrx_word' id='word_1_236' title='bbox 580 3439 721 3626; x_wconf 53' lang='lat' dir='ltr'><strong>gei.</strong></span> <span class='ocrx_word' id='word_1_237' title='bbox 772 3523 1047 3594; x_wconf 83' lang='lat' dir='ltr'><strong>Rursum</strong></span> <span class='ocrx_word' id='word_1_238' title='bbox 1094 3541 1278 3595; x_wconf 82' lang='lat' dir='ltr'><strong>vero,</strong></span> <span class='ocrx_word' id='word_1_239' title='bbox 1324 3519 1433 3608; x_wconf 87' lang='lat' dir='ltr'><strong>qui</strong></span> <span class='ocrx_word' id='word_1_240' title='bbox 1467 3533 1845 3587; x_wconf 87' lang='lat' dir='ltr'><strong>consecutus</strong></span> <span class='ocrx_word' id='word_1_241' title='bbox 1882 3534 1977 3587; x_wconf 88' lang='lat' dir='ltr'><strong>est</strong></span> <span class='ocrx_word' id='word_1_242' title='bbox 2017 3521 2280 3610; x_wconf 86' lang='lat' dir='ltr'><strong>gratiam</strong></span> <span class='ocrx_word' id='word_1_243' title='bbox 2305 3520 2612 3608; x_wconf 89' lang='lat' dir='ltr'><strong>Spiritus,</strong></span> 
     </span>
     <span class='ocr_line' id='line_1_31' title="bbox 583 3625 2617 3717; baseline -0.002 -22"><span class='ocrx_word' id='word_1_244' title='bbox 583 3651 706 3702; x_wconf 80' lang='lat' dir='ltr'><strong>nec</strong></span> <span class='ocrx_word' id='word_1_245' title='bbox 767 3629 898 3706; x_wconf 80' lang='lat' dir='ltr'><strong>ulla</strong></span> <span class='ocrx_word' id='word_1_246' title='bbox 968 3638 1147 3717; x_wconf 81' lang='lat' dir='ltr'><strong>parte</strong></span> <span class='ocrx_word' id='word_1_247' title='bbox 1195 3648 1445 3692; x_wconf 86' lang='lat' dir='ltr'><strong>aversus</strong></span> <span class='ocrx_word' id='word_1_248' title='bbox 1504 3626 1766 3714; x_wconf 85' lang='lat' dir='ltr'><strong>gratiam</strong></span> <span class='ocrx_word' id='word_1_249' title='bbox 1820 3628 2201 3694; x_wconf 81' lang='lat' dir='ltr'><strong>contumelia</strong></span> <span class='ocrx_word' id='word_1_250' title='bbox 2261 3625 2454 3691; x_wconf 86' lang='lat' dir='ltr'><strong>afficit</strong></span> <span class='ocrx_word' id='word_1_251' title='bbox 2502 3647 2617 3714; x_wconf 86' lang='lat' dir='ltr'><strong>per</strong></span> 
     </span>
     <span class='ocr_line' id='line_1_32' title="bbox 578 3734 2618 3837; baseline -0.003 -34"><span class='ocrx_word' id='word_1_252' title='bbox 578 3735 1070 3837; x_wconf 77' lang='lat' dir='ltr'><strong>negligentium,</strong></span> <span class='ocrx_word' id='word_1_253' title='bbox 1130 3745 1238 3800; x_wconf 85' lang='lat' dir='ltr'><strong>aut</strong></span> <span class='ocrx_word' id='word_1_254' title='bbox 1283 3734 1631 3800; x_wconf 80' lang='lat' dir='ltr'><strong>delictum·</strong></span> <span class='ocrx_word' id='word_1_255' title='bbox 1666 3732 1842 3798; x_wconf 87' lang='lat' dir='ltr'><strong>etsie</strong></span> <span class='ocrx_word' id='word_1_256' title='bbox 1896 3735 2005 3821; x_wconf 89' lang='lat' dir='ltr'><strong>qui</strong></span> <span class='ocrx_word' id='word_1_257' title='bbox 2058 3735 2282 3823; x_wconf 82' lang='lat' dir='ltr'><strong>quovis</strong></span> <span class='ocrx_word' id='word_1_258' title='bbox 2334 3746 2618 3821; x_wconf 79' lang='lat' dir='ltr'><strong>tempore</strong></span> 
     </span>
     <span class='ocr_line' id='line_1_33' title="bbox 581 3821 2617 3932; baseline -0.002 -25"><span class='ocrx_word' id='word_1_259' title='bbox 581 3821 891 3932; x_wconf 78' lang='lat' dir='ltr'><strong>dimicans</strong></span> <span class='ocrx_word' id='word_1_260' title='bbox 937 3860 1065 3905; x_wconf 92' lang='lat' dir='ltr'><strong>non</strong></span> <span class='ocrx_word' id='word_1_261' title='bbox 1095 3840 1441 3904; x_wconf 86' lang='lat' dir='ltr'><strong>contristat</strong></span> <span class='ocrx_word' id='word_1_262' title='bbox 1485 3835 1830 3924; x_wconf 86' lang='lat' dir='ltr'><strong>Spiritum,</strong></span> <span class='ocrx_word' id='word_1_263' title='bbox 1884 3841 2120 3929; x_wconf 88' lang='lat' dir='ltr'><strong>poterit</strong></span> <span class='ocrx_word' id='word_1_264' title='bbox 2170 3852 2423 3905; x_wconf 80' lang='lat' dir='ltr'><strong>oeternae</strong></span> <span class='ocrx_word' id='word_1_265' title='bbox 2475 3837 2617 3903; x_wconf 77' lang='lat' dir='ltr'><strong>vitae</strong></span> 
     </span>
     <span class='ocr_line' id='line_1_34' title="bbox 578 3919 2618 4041; baseline -0.004 -26"><span class='ocrx_word' id='word_1_266' title='bbox 578 3919 896 4041; x_wconf 54' lang='lat' dir='ltr'><strong>partitep‘s</strong></span> <span class='ocrx_word' id='word_1_267' title='bbox 923 3935 1083 4013; x_wconf 68' lang='lat' dir='ltr'><strong>(ieri.</strong></span> <span class='ocrx_word' id='word_1_268' title='bbox 1115 3937 1681 4024; x_wconf 76' lang='lat' dir='ltr'><strong>Quemadmodum</strong></span> <span class='ocrx_word' id='word_1_269' title='bbox 1704 3942 1874 4014; x_wconf 90' lang='lat' dir='ltr'><strong>enim</strong></span> <span class='ocrx_word' id='word_1_270' title='bbox 1908 3944 2049 4032; x_wconf 82' lang='lat' dir='ltr'><strong>quis</strong></span> <span class='ocrx_word' id='word_1_271' title='bbox 2074 3944 2271 4013; x_wconf 78' lang='lat' dir='ltr'><strong>sentit</strong></span> <span class='ocrx_word' id='word_1_272' title='bbox 2298 3939 2618 4035; x_wconf 76' lang='lat' dir='ltr'><strong>operatio-</strong></span> 
     </span>
    </p>
   </div>
  </div>
 </body>
</html>
