2982 4885
987 539 1167 583 mnan
1211 536 1291 582 »Β
1337 536 1699 582 naussum.
2234 516 2363 582 583

333 651 707 725 »litudinom
737 662 1016 720 nostium
1033 652 1053 687 ¹
1075 694 1099 728 ,
1121 680 1150 714 ι
1183 676 1328 717 ιιοη
1345 653 1414 716 in
1434 672 1691 741 parvam
1722 652 2117 717 descendunt
2142 674 2365 718 amen-

333 755 515 830 tiam,
550 757 912 846 ignorantes
950 757 1228 846 p’rimum
1270 755 1424 843 quid
1466 756 1673 842 imago
1696 804 1714 827 ,
1755 753 1989 841 quidve
2018 755 2361 823 similitudo

217 919 224 921 ,
330 861 410 926 sit
443 862 584 927 Dei.
643 862 934 948 Cumque
965 861 1447 948 nesciunt-quid
1472 861 1554 926 sit
1580 861 1787 948 imago
1829 859 1942 925 Dei
1976 874 2198 926 natura
2222 885 2364 951 pro-

327 968 643 1057 prietatis,
680 981 747 1033 et
780 970 930 1056 quid
977 968 1301 1057 positionis
1351 968 1432 1032 sit
1474 966 1707 1055 gratia,
1757 986 1884 1031 non
1942 990 2198 1055 parvam
2245 968 2364 1034 sibi

326 1087 716 1161 praesumunt
751 1075 1111 1163 superbiam
1142 1071 1484 1162 dignitatis.
1512 1073 1727 1159 Imago
1755 1072 1926 1138 enim
1952 1073 2097 1149 Dei,
2137 1074 2200 1139 id
2231 1085 2357 1146 est,

328 1178 534 1243 anima
571 1179 776 1249 omnis
811 1180 1120 1253 hominis,
1157 1177 1321 1263 sacta
1369 1199 1447 1240 ex
1481 1175 1681 1240 nihilo
1710 1199 1726 1239 z
1760 1176 2109 1243 similitudo
2134 1190 2359 1243 autem

325 1282 389 1347 in
421 1280 545 1348 fide
568 1296 634 1349 et
661 1283 784 1349 vita
825 1283 940 1349 nisi
978 1281 1228 1369 cognita
1250 1280 1442 1345 suerit
1475 1303 1507 1343 a
1548 1281 1714 1354 Deo,
1752 1281 2049 1368 appellari
2078 1304 2205 1346 nnn
2241 1304 2361 1368 po·

324 1397 446 1452 test
467 1387 581 1450 Dei
620 1387 830 1472 imago
852 1384 1091 1453 similis.
1126 1385 1416 1471 Cumque
1443 1407 1512 1450 se
1536 1406 1671 1449 esse
1695 1386 1836 1472 plus
1859 1385 2110 1450 estimat
2134 1386 2358 1473 aliquis

323 1490 828 1576 paesumptionis
882 1488 1126 1555 crimen
1186 1490 1453 1555 incurrit
1511 1491 1746 1563 notius,
1802 1513 1997 1576 quam
2063 1491 2360 1555 meritum

325 1592 643 1680 dignitatis
691 1593 809 1657 sibi
858 1593 1148 1680 acquirit.
1193 1594 1354 1662 Nam
1393 1617 1543 1660 cum
1572 1595 1709 1660 haec
1740 1616 2011 1683 peccans
2044 1593 2363 1658 invenitur

325 1697 528 1761 anima
562 1708 626 1761 et
656 1695 897 1782 judicio
920 1697 1189 1762 obnoxia
1216 1699 1560 1764 detinendo
1581 1700 2005 1787 cognoscitur,
2032 1699 2356 1791 quomodo

322 1823 457 1866 esse
487 1812 695 1890 potest
723 1801 858 1871 haec
897 1802 1013 1867 Dei
1051 1802 1352 1883 naturalis
1383 1804 1590 1892 imago
1610 1852 1627 1877 ,
1662 1826 1805 1890 quae
1835 1803 2094 1868 diversis
2124 1824 2363 1891 pecca-

322 1905 399 1970 tis
415 1906 808 1993 dignoscitur
846 1904 1195 1973 inservire?
1226 1929 1378 1973 cum
1409 1907 1525 1972 alia
1567 1909 1738 1973 nulla
1775 1929 1914 1973 esse
1946 1907 2142 1994 possit
2174 1918 2364 1970 natu—-

273 2030 280 2035 ·
319 2009 465 2074 ralis
505 2010 712 2098 imago
745 2010 860 2074 Dei
883 2010 1090 2075 divina
1124 2023 1189 2075 et
1224 2012 1424 2078 Patris
1454 2013 1707 2102 propria
1731 2060 1749 2086 ‚
1785 2035 1914 2077 non
1951 2010 2212 2099 Angeli,
2256 2022 2365 2075 aut

318 2114 626 2190 hominis,
660 2116 778 2181 nisi
820 2115 1053 2183 Christi
1083 2118 1200 2187 Dei
1233 2117 1380 2191 filii,
1419 2118 1529 2206 qui
1567 2132 1792 2191 natura
1826 2116 2228 2207 proprietatis
2261 2116 2362 2181 in-

321 2217 592 2281 discreta
634 2230 913 2302 paternae
959 2220 1360 2290 substantiae,
1412 2240 1491 2285 oc
1539 2219 1939 2306 sempiternae
1985 2219 2193 2307 imago
2238 2219 2317 2284 sit
2340 2268 2358 2295 ,

319 2319 529 2408 genita
560 2320 853 2407 proprie,
892 2341 1021 2384 nou
1055 2320 1366 2406 positione
1402 2320 1720 2389 servitutis
1761 2334 1971 2411 creata
2012 2344 2092 2386 ex
2120 2321 2320 2387 nihilo
2341 2370 2359 2395 ,

320 2435 396 2489 ut
431 2423 626 2489 homo
656 2434 723 2489 et
761 2421 1061 2511 Angelus.
1101 2425 1381 2512 Ideoque
1414 2423 1750 2513 imaginem
1772 2473 1789 2505 ,
1824 2425 1890 2490 id
1915 2437 2046 2500 est,
2087 2425 2361 2491 animam
2478 2418 2491 2427 i

318 2527 654 2592 homiuum
700 2549 1123 2616 paganorum,
1163 2529 1567 2604 Judaeorum,
1601 2528 2081 2604 haereticorum,
2121 2542 2187 2594 et
2223 2541 2367 2593 om-

318 2629 499 2700 nium
524 2630 648 2695 dici
682 2653 867 2719 posse
893 2633 1233 2698 declaravit
1254 2635 1320 2698 in
1345 2631 1671 2699 communi
1694 2632 2102 2722 generatione
2125 2681 2141 2704 ‚
2178 2644 2365 2719 atque

318 2735 507 2826 unius
528 2736 844 2823 qualitatis
865 2750 1088 2804 natura
1116 2737 1440 2826 Scriptura
1466 2738 1885 2805 substantiam
1912 2729 2244 2803 nuntiavit.
2272 2735 2365 2800 Si·

317 2839 743 2910 militudinem
771 2853 983 2922 autem
1007 2865 1134 2908 nou
1162 2844 1474 2918 omnium,
1499 2846 1611 2909 sed
1635 2855 2026 2916 sanctorum,
2046 2853 2111 2905 et
2144 2838 2367 2906 Chris-

319 2945 636 3011 tianorum
677 2971 814 3012 esse
852 2951 1295 3014 tantummodo
1330 2949 1707 3024 declaravit,
1755 2946 1864 3035 qui
1903 2946 1965 3011 in
2001 2946 2160 3019 lide,
2198 2945 2321 3009 vita
2345 2992 2364 3018 ,

317 3062 380 3113 et
404 3051 572 3115 bono
589 3074 783 3140 opere
791 3066 1277 3140 permanentes,
1308 3052 1698 3141 Angelorum
1732 3051 2010 3122 coelestia
2043 3050 2267 3115 merita
2303 3050 2367 3113 in

317 3154 600 3219 futurum
626 3159 928 3245 consequi
957 3160 1438 3246 promittuntur,
1465 3169 1535 3222 ut
1558 3155 1941 3222 Patriarchoe
1958 3204 1976 3230 ,
2001 3154 2363 3242 Prophetae,

319 3256 693 3322 Sacerdotes
716 3306 732 3331 ,
759 3260 796 3322 J
805 3262 1049 3338 udices,
1079 3263 1406 3353 Apostoli,
1434 3275 1625 3348 atque
1649 3259 2092 3346 Evangelistae,
2119 3271 2185 3323 et
2206 3257 2367 3322 Mar-

318 3373 525 3449 tyres,
561 3359 668 3447 qui
707 3359 999 3427 Trinituti
1031 3371 1399 3442 credentes,
1434 3366 1589 3432 etin
1628 3365 1750 3431 vita
1783 3366 2084 3454 praeclara
2112 3381 2366 3449 perma-

319 3479 574 3541 nentes,
603 3464 993 3553 Angelorum
1026 3470 1239 3554 gloriae
1270 3467 1552 3558 copulari
1579 3496 1613 3537 a
1645 3471 1919 3538 Domino
1965 3469 2362 3538 nuntiantur.

317 3571 682 3638 Similitudo
720 3569 893 3635 enim
930 3593 1007 3635 ex
1050 3573 1340 3639 doctrina
1386 3577 1576 3663 legis,
1626 3576 1789 3653 fide,
1821 3578 1983 3651 vita,
2019 3589 2085 3642 et
2115 3574 2367 3650 stadie,

317 3686 383 3739 et
409 3696 606 3762 *opere
636 3674 1043 3766 cognoscitur
1065 3699 1209 3741 vera
1230 3727 1245 3752 ,
1274 3691 1348 3743 ut
1378 3701 1521 3766 quae
1548 3703 1581 3745 a
1603 3680 1738 3747 Deo
1769 3683 1932 3748 facta
1958 3694 2057 3748 est
2084 3680 2206 3770 legi
2229 3679 2370 3766 ejus
2472 3739 2487 3756 ,

317 3778 546 3844 divinae
590 3779 1027 3859 consentiens,
1073 3797 1388 3872 praecepta
1427 3796 1660 3852 statuta
1708 3788 2087 3874 complendo
2106 3831 2126 3860 ,
2181 3783 2369 3871 regni

315 3882 590 3949 coelestis
618 3885 1009 3951 consortium
1030 3900 1241 3974 speret
1264 3887 1342 3988 al»
1370 3910 1448 3959 eo
1478 3911 1547 3953 se
1570 3912 1754 3989 posse
1779 3889 2077 3982 adipisci,
2107 3887 2367 3954 dicente

385 4033 403 4056 ¹
434 4019 565 4074 Gen·
591 4036 631 4081 Ι,
659 4018 739 4076 269
1932 4075 1937 4080 «

577 4215 596 4246 .
1946 4061 2553 4422 s

2558 4021 2609 4058 ss

2632 3961 2693 4004 s
