2982 4885
585 543 712 608 216
1256 560 1304 601 s.
1363 520 1626 602 siacum
1673 544 1937 601 ..¹:on1ss

577 678 1036 746 Romanorum,
1050 684 1239 760 atque
1251 674 1647 762 prodeantex
1660 670 1732 736 iis
1743 670 1997 760 pennati
2015 671 2445 736 adolescentes
2456 673 2606 748 duo,

579 783 817 849 viribus
853 781 1154 869 aequalcs,
1193 779 1304 868 qui
1333 782 1503 846 lucta
1543 780 1962 853 contendant3
1995 778 2081 843 ita
2113 779 2466 844 adversaria
2495 799 2614 866 po-

579 898 772 953 testas
802 897 869 951 et
895 908 1074 951 mens
1103 907 1314 972 aequas
1343 884 1507 949 vires
1539 884 1831 949 obtinent
1865 884 2162 948 adversus
2195 906 2261 947 se
2290 882 2561 948 invicem
2590 904 2607 944 ε

581 1015 654 1059 ac
686 1014 906 1082 parem
919 991 1285 1056 facultatem
1303 990 1497 1055 habet
1516 989 1774 1055 Satanas
1799 988 2177 1055 adhortandi
2206 1001 2271 1055 et
2302 986 2616 1054 alliciendi

580 1096 858 1162 animam
914 1098 993 1162 ad
1042 1097 1436 1162 voluntatem
1489 1118 1670 1161 suam
1696 1145 1712 1171 ,
1771 1108 1961 1183 atque
2011 1094 2220 1161 anima
2282 1118 2320 1159 e
2370 1093 2615 1159 diverso

578 1226 860 1294 pugnam
891 1200 1117 1277 habet,
1153 1213 1224 1266 ut
1255 1201 1690 1276 contradicat,
1725 1200 1878 1267 etin
1910 1201 2082 1266 nulla
2121 1224 2189 1265 re
2219 1199 2278 1264 ei
2307 1200 2621 1285 obsequa-

580 1319 705 1374 tur.
728 1300 1181 1372 Exhortatione
1221 1304 1394 1373 enim
1427 1304 1690 1371 excitari
1723 1317 1990 1394 possunt
2020 1305 2219 1370 ambae
2256 1302 2621 1375 facultates,

583 1423 723 1482 tum
749 1412 828 1479 ad
852 1411 1093 1478 bonum
1111 1460 1130 1486 ,
1161 1423 1298 1477 tum
1323 1412 1401 1476 ad
1425 1412 1691 1486 malum,
1720 1418 2086 1475 nontamen
2113 1406 2423 1497 compelli.
2455 1404 2627 1470 Huic

581 1517 773 1609 igitur
799 1517 1017 1585 liberae
1035 1515 1336 1584 electioni
1369 1518 1559 1582 datur
1576 1515 1786 1583 divina
1809 1514 2267 1592 remuneratio,
2294 1523 2630 1603 potestque

585 1622 950 1690 dimicando
990 1646 1245 1689 sumere
1285 1645 1461 1690 arma
1490 1626 1571 1690 de
1604 1624 1800 1699 coelo,
1843 1634 2030 1707 atque
2061 1643 2286 1686 eorum
2319 1613 2629 1684 beneficio

583 1731 907 1796 eradicare
941 1749 1013 1792 ac
1043 1748 1345 1814 superare
1373 1738 1734 1811 peccatum.
1774 1723 2231 1803 ¹Contradicere
2268 1724 2439 1787 enim
2476 1741 2635 1810 pec-

586 1844 730 1895 cato
775 1839 981 1916 potest
1025 1827 1284 1911 quidem
1331 1825 1583 1889 anima:
1624 1825 1759 1887 sine
1804 1825 1940 1887 Deo
1983 1845 2132 1886 vero
2176 1847 2480 1911 superare
2522 1835 2638 1888 aut

586 1933 900 2019 extirpare
947 1927 1170 1992 vitium
1218 1927 1456 2015 nequit.
1511 1926 1748 1994 Verum
1792 1926 1900 2012 qui
1951 1937 2237 1990 asserunt
2291 1937 2641 2012 peccatum

585 2058 721 2101 esse
768 2033 938 2097 velut
979 2042 1312 2096 strenuum
1346 2031 1666 2119 gigantem
1687 2034 1717 2102 ,‘
1740 2028 2013 2094 animam
2044 2050 2193 2093 vero
2226 2030 2401 2093 velut
2433 2027 2641 2115 pusil-

586 2141 751 2212 lum,
789 2157 1121 2225 perperam
1157 2135 1395 2203 dicunt.
1437 2133 1503 2199 Si
1535 2133 1707 2198 enim
1733 2135 1890 2199 adeo
1911 2144 2124 2198 essent
2147 2155 2247 2197 res
2271 2128 2632 2207 dissimileS,

587 2254 661 2307 ut
721 2251 1052 2330 peccatum
1107 2238 1187 2306 sit
1234 2242 1408 2305 velut
1442 2239 1648 2326 gigas,
1675 2238 1883 2303 anima
1914 2259 2064 2300 vero
2109 2237 2282 2301 velut
2320 2235 2621 2324 pusilluS,

569 2332 851 2434 iniquus
870 2357 1037 2411 esset
1064 2345 1408 2433 legislator,
1429 2343 1538 2430 qui
1569 2345 1773 2431 legem
1803 2339 1950 2407 tulit
1981 2338 2249 2414 homini,
2271 2352 2343 2405 ut
2362 2363 2634 2430 pugnam

593 2458 766 2522 ineat
808 2456 1107 2520 adversus
1155 2450 1477 2519 Satanam.

687 2559 927 2627 xxm.
981 2559 1116 2624 Hoc
1148 2569 1364 2622 autem
1403 2567 1500 2620 est
1531 2554 2020 2620 fundamentum
2050 2552 2162 2617 viae
2196 2553 2275 2616 ad
2296 2552 2503 2618 Deum
2534 2551 2640 2617 de·

594 2663 923 2735 ducentis,
977 2662 1041 2725 in
1096 2660 1429 2724 tolerantia
1467 2660 1700 2732 multa,
1740 2657 1805 2722 in
1844 2680 1992 2747 spe,
2035 2656 2098 2721 in
2140 2655 2528 2732 hnmilitate,
2573 2655 2636 2721 in

596 2767 972 2858 paupertate
1003 2747 1289 2852 spiritus,
1321 2761 1386 2827 in
1410 2761 1895 2826 mansuetudine
1921 2761 2085 2827 viam
2112 2760 2252 2826 vitae
2273 2785 2634 2851 peragrare3

597 2886 663 2941 et
709 2872 941 2939 horum
991 2864 1305 2932 beneficio
1350 2866 1491 2955 quis
1536 2866 1824 2933 obtinere
1872 2878 2080 2957 potest
2122 2866 2430 2955 justitiam
2472 2868 2536 2932 in
2575 2889 2643 2932 se

599 2977 734 3066 ipso
772 3000 786 3037 ε
841 2973 1113 3044 dicimus
1148 2984 1357 3037 autem
1391 2970 1699 3059 justitiam
1722 3021 1740 3047 ,
1777 2972 1982 3060 ipsum
2033 2970 2433 3038 Dominum¹.
2489 2972 2642 3035 Haec

598 3078 770 3144 enim
801 3077 1095 3141 mandata
1115 3126 1131 3150 ,
1160 3099 1299 3164 quae
1323 3076 1497 3142 hunc
1518 3076 1581 3140 in
1606 3077 1867 3142 modum
1892 3076 2300 3164 praecipiunt,
2336 3086 2480 3140 sunt
2508 3087 2644 3140 tan-

602 3205 794 3272 quam
831 3178 1069 3272 lapides
1097 3182 1373 3247 miliar-es
1408 3181 1514 3246 fixi
1532 3230 1551 3256 ,
1578 3193 1644 3246 et
1681 3181 1854 3269 signa
1880 3183 2066 3270 regiae
2099 3183 2212 3248 viae
2230 3232 2248 3258 ,
2276 3181 2646 3248 deducentis

605 3291 687 3354 ad
725 3290 1048 3354 coelcstem
1079 3285 1401 3351 civitatem
1435 3284 1919 3353 inambulantes.
1951 3288 2166 3374 lnquit
2185 3289 2396 3354 enim:
2431 3287 2647 3354 «Beati

606 3424 631 3455 n
651 3417 963 3484 pauperes
994 3390 1254 3481 spiritu;
1282 3391 1460 3457 Beati
1494 3390 1713 3466 mites3
1756 3393 1933 3459 Beati
1965 3393 2439 3470 misericordes;
2471 3393 2652 3461 Beati

555 3489 562 3508 ¹
606 3529 633 3560 ι»
655 3498 963 3588 pacifici².
996 3527 1020 3559 n
1052 3499 1238 3563 Hunc
1270 3496 1464 3562 dicito
1490 3520 1625 3563 esse
1646 3498 2209 3568 christianismum.
2242 3500 2307 3565 Si
2335 3522 2481 3564 vero
2507 3499 2651 3586 quis

607 3604 729 3677 hac
763 3601 859 3673 via
894 3624 1022 3666 non
1052 3601 1444 3679 inambulet,
1469 3625 1584 3691 per
1609 3603 1785 3668 devia
1810 3617 2011 3677 errat,
2038 3608 2207 3671 malo
2238 3605 2652 3671 fundamento

610 3695 781 3775 usus.
838 3706 1052 3772 Gloria
1094 3706 1610 3774 miserationibus
1649 3707 1891 3786 Patris,
1932 3720 1998 3776 et
2034 3710 2218 3788 Filii,
2268 3724 2334 3778 et
2384 3709 2655 3800 Spiritus

613 3811 813 3879 sancti
839 3809 901 3874 in
933 3813 1179 3876 saecula.
1220 3810 1445 3877 Amen.

683 3957 703 3984 ⁸
730 3945 916 3999 Jerem.
937 3961 1082 4005 xxm,
1103 3946 1156 4000 6.
1177 3972 1240 3987 -
1266 3962 1288 3989 ¹
1316 3947 1496 4001 Mattb.
1522 3961 1572 4009 v,
1596 3947 1647 4012 ὅ,
1671 3956 1722 4002 et
1739 3964 1880 4018 seqq.
