2982 4885
1186 451 1221 478 d·

930 519 1011 562 nn
1056 517 1481 563 »usserman
1531 520 1595 564 m
1640 521 1906 566 suma-u.
2303 503 2436 569 325

403 636 603 724 »quid
626 629 863 725 ‘agitis,
897 637 1110 703 omnia
1145 637 1212 702 in
1252 637 1519 725 gloriam
1555 636 1674 703 Dei
1703 637 1964 706 facite¹.
2006 666 2034 700 s
2072 637 2158 706 At
2188 640 2441 709 divinus

402 741 724 808 »Joannes
746 741 1089 808 homicidio
1114 741 1448 829 adaequans
1479 740 1701 806 odium
1724 789 1743 817 ,
1786 768 1812 801 ι
1835 743 1966 822 Qui
1999 744 2174 822 odit,
2203 746 2437 836 inquit,

406 845 705 912 »fratrem
730 871 916 912 suum
948 849 1269 913 homicida
1300 859 1397 911 cst
1419 845 1467 913 ².
1498 873 1523 908 ι
1555 887 1564 900 =

492 950 596 1017 Vl.
667 978 693 1011 ι
728 951 1015 1018 Charitas
1052 953 1264 1017 omnia
1295 951 1549 1027 suffert,
1581 950 1797 1017 omnia
1829 951 2114 1019 sustinet.
2150 954 2440 1021 Charitas

288 1147 301 1158 ο
400 1080 430 1118 s
448 1079 772 1144 nunquam
788 1057 1024 1122 excidit
1038 1057 1083 1122 ⁸.
1107 1085 1133 1118 »
1151 1058 1301 1122 Haec
1320 1058 1539 1132 verba,
1561 1082 1587 1115 ι
1604 1056 1653 1122 N
1663 1078 1942 1143 unquam
1959 1057 2217 1134 excidit,
2241 1087 2267 1120 ι
2296 1071 2448 1126 sunt

403 1160 580 1248 ejus,
617 1162 733 1249 qui
768 1161 1120 1250 significare
1152 1163 1302 1227 velit
1338 1185 1447 1227 eos
1469 1209 1488 1237 ,
1526 1161 1636 1248 qui
1674 1182 1861 1248 supra
1907 1175 2253 1227 memorata
2289 1163 2446 1228 cha-

404 1265 660 1333 rismata
684 1267 956 1356 Spiritus
988 1270 1263 1334 assecuti
1291 1281 1440 1335 sunt
1458 1316 1477 1344 ,
1517 1268 1803 1336 nondum
1830 1280 2042 1334 autem
2065 1291 2181 1358 per
2209 1268 2447 1358 plenis-

405 1370 632 1437 simam
654 1385 719 1437 et
748 1372 1073 1437 efficacem
1101 1374 1479 1440 charitatem
1511 1371 1783 1461 Spiritus
1813 1395 2060 1438 summa
2084 1395 2118 1438 a
2150 1373 2449 1462 passioni-

406 1474 527 1540 hus
552 1476 845 1539 libertate
879 1489 1028 1541 sunt
1057 1478 1339 1566 dignati,
1376 1461 1663 1543 nondum
1693 1476 2095 1543 securitatem
2127 1477 2402 1565 attigisse
2427 1499 2446 1542 t

409 1579 522 1642 sed
543 1578 608 1642 in
630 1579 915 1667 periculo
949 1581 1155 1646 adhuc
1179 1593 1244 1647 et
1269 1582 1501 1646 timore
1523 1604 1624 1647 res
1655 1581 1940 1668 ipsorum
1969 1592 2160 1657 stare,
2189 1592 2452 1670 propter

409 1683 759 1772 spiritualia
797 1685 1115 1771 nequitiae.
1166 1686 1358 1752 Istam
1400 1687 1574 1751 enim
1611 1709 1979 1752 mensuram
2020 1686 2196 1752 haud
2241 1686 2453 1754 adhuc

410 1789 571 1855 infra
610 1790 946 1857 discrimen
984 1795 1197 1880 lapsus
1229 1816 1307 1858 ex
1337 1792 1816 1881 perturbatione
1855 1791 2254 1867 vehementi,
2290 1814 2451 1859 con-

410 1895 665 1961 stituam
698 1918 834 1960 esse
870 1897 1182 1962 ostendit:
1220 1920 1339 1963 nec
1369 1900 1563 1962 talem
1591 1919 1751 1972 esse,
1785 1897 1891 1962 cui
1919 1896 2151 1985 linguae
2180 1895 2452 1985 Angelo-

408 2024 552 2070 rum
576 2052 595 2079 ,
620 2002 955 2092 prophetia
976 2052 994 2078 ,
1035 2004 1243 2069 omnis
1276 2003 1564 2080 scientia,
1599 2014 1664 2069 et
1701 2003 2107 2070 curationum
2138 2003 2451 2070 charisma

409 2120 796 2196 comparata,
829 2107 987 2173 nihil
1002 2097 1144 2174 sint.

495 2210 632 2276 VII.
675 2211 797 2276 Per
826 2211 950 2275 hoc
981 2212 1386 2299 perfectionis
1428 2213 1775 2277 declaravit
1806 2234 2106 2302 scopum,
2139 2225 2212 2278 ut
2245 2236 2450 2280 unus-

408 2313 679 2401 quisque
729 2335 1002 2399 egenum
1063 2337 1131 2377 se
1197 2326 1521 2379 tantarum
1573 2314 1931 2379 divitiarum
1989 2335 2452 2399 recognoscens

408 2414 679 2482 ferventi
735 2426 801 2480 et
852 2428 1331 2503 perseveranter
1379 2417 1808 2479 contendente
1849 2414 2090 2503 Spiritu
2132 2436 2332 2502 usque
2369 2420 2453 2485 ad

410 2521 710 2588 ultimum
732 2518 989 2585 festinet
1008 2568 1026 2594 ,
1057 2531 1124 2584 et
1155 2519 1480 2607 spirituale
1510 2519 1601 2583 sic
1626 2534 1959 2607 percurrat
1979 2519 2258 2585 stadium
2285 2568 2304 2596 ,
2328 2524 2452 2588 do-

414 2648 536 2693 nec
574 2623 1113 2713 comprehendat,
1159 2623 1322 2711 sicut
1366 2623 1613 2689 dictum
1655 2636 1788 2688 est:
1845 2652 1871 2685 ι
1908 2624 2015 2690 Sic
2062 2625 2336 2702 currite,
2382 2640 2456 2693 ut

417 2759 444 2795 s
462 2729 1016 2819 comprehendatis
1040 2728 1085 2796 ⁴.
1125 2755 1150 2790 ι

503 2835 667 2902 V111.
717 2835 1054 2922 Abnegare
1086 2856 1153 2898 se
1183 2833 1391 2922 ipsum
1425 2832 1553 2899 hoc
1586 2846 1741 2922 puta
1769 2856 1906 2899 esse
1936 2858 1953 2898 ε
1987 2848 2357 2924 promptum
2389 2859 2458 2903 se

418 2943 496 3006 ad
528 2940 739 3006 omnia
775 2938 1153 3004 fraternitati
1184 2939 1473 3026 praebere
1494 2987 1512 3013 ,
1545 2951 1611 3003 et
1644 2939 1707 3004 in
1736 2942 1914 3005 nullo
1936 2963 2195 3027 prorsus
2226 2944 2460 3008 volun-

415 3045 526 3111 tati
562 3044 816 3134 proprie
845 3044 1112 3131 obsequi
1137 3068 1157 3118 3
1200 3064 1321 3108 nec
1346 3042 1534 3107 ullius
1559 3065 1626 3109 se
1649 3092 1666 3119 ,
1702 3056 1932 3130 praeter
1961 3046 2160 3110 solam
2187 3058 2452 3122 vestem,

418 3150 744 3217 dominum
781 3163 1004 3239 putare
1030 3199 1047 3226 ,
1084 3162 1156 3214 ut
1185 3147 1469 3235 undique
1503 3148 1832 3236 expeditus
1867 3148 1936 3213 in
1968 3150 2307 3237 procinctu
2337 3163 2462 3216 stet

420 3258 497 3320 ad
530 3254 775 3343 quidvis
798 3255 1178 3345 imperatum
1216 3276 1363 3320 cum
1393 3253 2138 3342 gaudioexequendum,
2173 3267 2245 3318 ut
2274 3277 2460 3321 man-

419 3360 656 3450 cipium
687 3382 753 3424 se
796 3360 988 3424 habet
1018 3362 1315 3424 adversus
1344 3381 1565 3423 omnes
1595 3382 1613 3432 ς
1648 3358 1923 3422 maxime
1962 3366 2173 3423 autem
2209 3378 2459 3445 praepo-

421 3464 551 3529 sitis
581 3465 992 3548 obsequatur,
1022 3462 1275 3524 Christo
1309 3462 1758 3547 obtemperans
1792 3457 2067 3524 dicenti:
2112 3482 2139 3515 ι
2176 3459 2306 3538 Qui
2328 3464 2464 3528 vult

423 3570 633 3633 »inter
661 3588 772 3632 vos
804 3564 1048 3652 primus
1086 3583 1222 3626 esse
1250 3572 1316 3623 et
1344 3582 1645 3645 magnus,
1694 3564 1774 3629 sit
1809 3561 2096 3630 omnium
2129 3562 2418 3629 minister
2442 3616 2461 3641 ,

427 3682 535 3733 »et
557 3670 840 3744 ultimus,
876 3680 940 3732 et
965 3686 1182 3731 servus
1206 3662 1226 3697 ⁸
1251 3688 1271 3738 3
1302 3689 1327 3723 ι
1367 3683 1498 3726 non
1522 3664 1811 3750 gloriam,
1844 3666 2156 3730 honorem
2191 3681 2299 3732 aut
2333 3670 2465 3736 lau-

431 3773 576 3837 dem
608 3793 882 3846 venans3
922 3792 1052 3835 non
1085 3772 1165 3834 ad
1200 3769 1461 3835 oculum
1491 3766 1770 3833 serviens
1789 3815 1808 3843 ,
1837 3779 1946 3833 aut
1975 3770 2227 3856 placere
2254 3771 2464 3841 homi..

425 3926 473 3987 Ι
500 3938 516 3962 ·
552 3923 717 3975 icor.
741 3939 797 3985 v,
818 3924 895 3972 δι.
923 3949 982 3963 -
1011 3938 1029 3962 ⁸
1064 3939 1080 3974 ι
1110 3922 1263 3974 Joan.
1294 3937 1374 3982 m,
1405 3923 1482 3973 1⁵.
1507 3947 1569 3962 -
1597 3925 1619 3960 ³
1651 3938 1667 3974 ι
1698 3919 1817 3975 Cor.
1844 3939 1956 3984 nn,
1979 3940 2027 3990 7.
2058 3950 2118 3965 —
2146 3923 2273 3978 ⁴1d.
2302 3942 2352 3979 tx
2373 3963 2387 3986 .
2409 3929 2465 3991 4.

428 4034 490 4048 -
519 4009 540 4047 ⁸
567 4005 744 4061 Matth.
774 4022 859 4069 xx,
882 4022 962 4072 ²7·
