2982 4885
506 473 634 544 1⁸6
1185 493 1233 537 s.
1287 493 1553 541 naun
1595 486 1865 537 :carru

495 626 760 705 propter
793 612 1058 677 verbum
1083 609 1343 675 unicum
1377 609 1602 698 capitis
1633 606 1944 697 supplicio
1969 605 2132 673 affici
2153 606 2443 694 jubetur.
2469 613 2536 675 et

499 720 685 808 perit.
726 716 829 782 Sic
862 738 1113 803 quoqne
1138 715 1301 780 inter
1335 713 1730 779 Christianos
1768 724 1952 788 sunt,
1988 713 2096 799 qui
2128 711 2538 779 vehementer

501 823 954 910 impugnantur
972 842 1043 884 ac
1060 819 1430 907 velli‘cantur
1447 842 1480 883 a
1502 828 1765 905 peccato
1791 839 1806 882 :
1832 829 2022 903 atque
2046 816 2303 904 insuper
2326 817 2537 883 adhuc

502 925 567 991 in
591 926 760 992 bello
781 937 846 990 et
879 925 1076 990 robur
1098 936 1162 989 et
1192 922 1595 1013 prudentiam
1627 922 1745 987 sibi
1777 922 2144 995 conciliant,
2182 922 2405 1011 spretis
2436 922 2536 986 ad-

501 1028 920 1094 versariorum
945 1029 1219 1093 viribus:
1247 1039 1313 1092 et
1336 1038 1623 1116 expertes
1650 1027 1768 1091 hac
1795 1026 1854 1090 in
1884 1039 2059 1114 parte
2076 1038 2225 1090 sunt
2249 1024 2534 1114 periculi,

503 1134 649 1222 qnia
700 1134 856 1199 certi
896 1157 967 1199 ac
1025 1131 1191 1197 firmi
1243 1145 1391 1199 sunt
1434 1134 1514 1198 de
1560 1134 1759 1197 salute
1805 1156 1913 1197 sna
1942 1183 1960 1209 ‚
2012 1156 2089 1198 eo
2139 1134 2310 1220 quod
2362 1133 2540 1197 valde

503 1239 830 1304 exercitati
884 1251 1030 1303 sunt
1091 1238 1159 1304 iu
1211 1238 1382 1303 bcllo
1424 1242 1722 1303 adversus
1778 1239 1923 1303 vitia
1958 1287 1975 1313 ,
2039 1251 2103 1302 et
2166 1237 2544 1326 experientia

504 1343 736 1416 edocti.
773 1344 1094 1409 Habentes
1139 1343 1353 1433 itaque
1393 1343 1600 1410 Deum
1657 1344 1824 1432 apud
1861 1365 2032 1420 sese,
2083 1333 2439 1434 diriguntur
2471 1364 2543 1409 ac

505 1449 934 1536 requiescunt.

552 1619 557 1624 .
597 1552 777 1620 XIX.
833 1554 959 1620 Alii
1012 1576 1163 1620 vero
1205 1576 1534 1642 nunqnam
1569 1553 1937 1629 exercitati,
1992 1555 2042 1620 si
2087 1555 2151 1620 in
2198 1552 2550 1643 angustiam

510 1657 783 1746 aliquam
806 1659 1168 1734 inciderint,
1205 1673 1316 1724 aut
1338 1672 1670 1725 moveatur
1699 1658 1963 1734 bellum,
1994 1661 2301 1725 continuo
2328 1661 2390 1724 in
2414 1680 2556 1747 per-

510 1761 748 1825 nicicm
794 1773 902 1824 aut
944 1761 1269 1823 interitum
1326 1762 1756 1832 delabuntur-3
1803 1762 2065 1845 perinde
2116 1783 2187 1825 ac
2235 1762 2346 1845 qui
2402 1781 2557 1847 pro-

512 1863 889 1928 ficiscuntur
912 1862 974 1924 in
1004 1862 1349 1936 civitatem,
1379 1863 1619 1926 amicos
1643 1861 1901 1926 invisuri
1923 1873 1989 1926 et
2013 1862 2356 1927 familiares
2378 1883 2551 1937 auos,

515 1966 799 2054 quamvis
836 1965 1052 2030 multis
1080 1964 1147 2029 in
1184 1964 1485 2031 nundinis
1529 1977 1903 2038 occurrant.
1936 1989 2066 2032 non
2104 1979 2318 2032 tamen
2368 1967 2446 2032 ab
2482 1966 2582 2050 iis,

518 2069 950 2157 impediuntur
975 2092 994 2142 ς
1028 2090 1258 2156 scopus
1288 2069 1460 2133 enim
1493 2070 1751 2136 illorum
1775 2084 1914 2149 est,
1951 2084 2020 2137 ut
2053 2073 2291 2139 amicos
2323 2095 2558 2139 conve—

517 2173 711 2238 niant.
744 2170 823 2236 Et
853 2190 1003 2236 cum
1036 2172 1188 2238 soris
1216 2173 1476 2259 januam
1513 2176 1898 2266 pulsaverint
1922 2201 1996 2243 ac
2029 2179 2416 2253 vocaverint,
2435 2177 2561 2244 laeti

519 2274 812 2364 aperiunt
847 2276 1035 2342 amici
1076 2277 1352 2346 illorumz
1391 2279 1504 2346 Sin
1536 2304 1688 2354 vero
1721 2281 2005 2348 haereant
2036 2281 2100 2348 in
2147 2281 2299 2349 foris
2330 2296 2396 2349 et
2423 2283 2562 2371 pla-

522 2379 671 2457 teis,
713 2392 778 2448 et
819 2380 1168 2449 illudantur
1197 2396 1306 2451 aut
1334 2387 1738 2455 retineantur
1766 2387 1845 2453 ab
1882 2387 1956 2453 iis
1978 2435 1997 2464 ,
2038 2387 2144 2476 qui
2180 2398 2557 2463 occurrunt.

529 2489 888 2557 occluditur
907 2487 1126 2577 janua,
1148 2503 1212 2555 et
1233 2515 1423 2561 neme
1436 2493 1560 2561 illis
1584 2494 1805 2582 aperit.
1845 2493 1964 2567 Ita,
1992 2494 2100 2580 qni
2128 2495 2209 2560 ad
2222 2493 2566 2560 Dominum

532 2607 819 2660 nostrum
861 2594 1084 2662 Jesum
1120 2596 1445 2663 Christum
1491 2620 1711 2662 verum
1754 2595 2030 2659 amicum
2067 2600 2297 2663 vadere
2344 2598 2572 2687 impel-

530 2703 774 2779 luntur,
804 2714 1033 2769 caetera
1070 2701 1279 2766 omnia
1312 2701 1551 2764 dehent
1579 2711 1986 2762 contemnere
2017 2710 2082 2762 et
2113 2702 2460 2788 despicere.
2492 2701 2573 2769 Et

534 2805 1075 2892 quemadmodum
1106 2803 1214 2888 qui
1258 2799 1562 2888 palatium
1583 2798 2041 2886 ingrediuntur
2068 2820 2281 2889 regem
2326 2804 2517 2870 visuri
2548 2853 2570 2881 ,

541 2911 673 2977 sive
701 2911 826 2977 sint
855 2909 1143 2978 comites,
1178 2906 1309 2971 sive
1332 2904 1652 2991 praesides‚
1687 2906 2216 2981 valdemetuunt,
2251 2909 2575 2993 quomodo

542 3018 666 3083 sint
684 3011 1070 3102 responsuri,
1098 3019 1164 3073 et
1185 3033 1267 3075 ne
1295 3009 1358 3074 in
1377 3013 1820 3099 respondendo
1843 3012 2026 3101 lapsi,
2050 3012 2115 3079 in
2136 3014 2580 3103 reprehensio-

541 3140 690 3187 ncm
732 3128 798 3181 et
830 3115 1212 3204 supplicium
1261 3116 1589 3193 incidant3
1630 3118 1850 3184 rustici
1890 3130 2041 3186 vero
2081 3142 2153 3185 ac
2193 3120 2425 3209 plebeii
2456 3119 2579 3187 ho-

540 3223 745 3290 mines
768 3271 786 3297 ,
812 3221 919 3310 qui
951 3243 1275 3317 nunquam
1304 3222 1656 3311 principem
1681 3245 2066 3313 conspexere
2085 3275 2102 3301 ,
2130 3225 2288 3292 nihil
2326 3225 2578 3293 solliciti

542 3339 735 3395 sunt:
768 3326 858 3394 sic
888 3349 1144 3415 quoque
1168 3327 1448 3393 mundus
1479 3326 1607 3401 hic,
1635 3327 1743 3415 qni
1772 3329 1890 3394 sub
1926 3331 2100 3395 coelis
2119 3342 2239 3407 est,
2267 3353 2299 3396 a
2326 3332 2579 3419 reg-ibus

542 3432 624 3497 ad
648 3422 958 3520 pauperes
976 3453 1174 3518 usque
1198 3451 1265 3495 se
1286 3430 1501 3506 hahet,
1525 3454 1671 3497 cum
1698 3435 1968 3521 gloriam
1995 3434 2228 3499 Chri'sti
2262 3434 2574 3524 ignorent.

540 3558 766 3601 curam
797 3546 1025 3623 gerunt
1060 3557 1275 3601 rerum
1314 3537 1711 3602 saecularium
1744 3560 1760 3602 ε
1796 3559 1917 3602 nec
1953 3538 2081 3603 cito
2113 3538 2253 3626 quis
2282 3536 2581 3607 recorda-

542 3654 653 3728 tur
700 3634 899 3715 ‘divini
954 3639 1195 3729 judicii.
1253 3641 1378 3720 Qui
1429 3664 1580 3706 vero
1634 3641 2122 3728 cogitationibus
2175 3644 2272 3709 ad*
2310 3643 2583 3710 tribunal

546 3743 784 3811 Christi
799 3748 1172 3821 ascendunt,
1199 3745 1307 3812 ubi
1332 3758 1427 3811 est
1448 3748 1715 3812 thronus
1730 3746 1892 3832 ejus,
1913 3748 2064 3813 etin
2083 3748 2584 3837 ejusconspcctu

537 3861 853 3941 perpetuo
904 3862 1088 3925 sunt,
1130 3860 1381 3938 semp'er
1414 3861 1711 3931 metuunt
1755 3872 1829 3915 ac
1870 3863 2191 3928 tremunt,
2245 3875 2325 3919 ne
2365 3852 2584 3941 quovis

541 3967 730 4050 pacto
767 3956 1071 4031 aberrent
1090 3979 1127 4022 a
1153 3957 1385 4024 sanctis
1406 3957 1545 4043 ejus
1576 3956 1925 4045 praecepti&
2621 3956 2634 3967 '
