2982 4885
1130 588 1388 638 nomm
1430 587 1529 635 xv.
1793 563 1818 576 '²
2218 595 2330 641 121

312 700 587 768 alienum
619 702 1022 780 thesaurum,
1064 707 1176 770 sed
1205 706 1397 771 etiam
1435 727 1650 795 regem
1679 705 1884 770 virum
1926 727 2187 773 summae
2230 730 2337 796 po-

310 805 524 900 tentiae
552 830 698 873 eum
734 808 1095 896 deposuisse
1129 812 1299 898 apud
1327 832 1420 886 se,
1446 833 1545 886 ac,
1575 812 1832 898 quando
1865 811 1922 875 ei
1941 812 2156 898 ‘visum
2176 812 2278 889 sit,
2305 836 2340 879 a

310 936 378 977 se
401 936 747 1003 reposcere.
780 914 1050 984 Eosdem
1082 915 1316 980 debent
1348 938 1414 979 se
1446 927 1741 1003 reputare
1768 965 1784 987 ,
1811 916 1919 1002 qui
1950 918 2212 1005 gratiam
2239 919 2341 984 ‹li-

310 1018 515 1084 vinam
541 1020 868 1085 consecuti
905 1013 1054 1088 sunt
1073 1070 1091 1096 ,
1118 1020 1385 1087 demisse
1410 1042 1484 1086 ac
1516 1019 1841 1086 humiliter
1878 1021 1957 1085 de
1980 1044 2048 1086 se
2079 1023 2338 1098 sentire.

312 1146 384 1189 ae
408 1123 1000 1214 confiteriinopiam
1024 1149 1220 1191 suam.
1251 1125 1520 1192 Perinde
1542 1125 1713 1191 enim
1737 1148 1811 1191 ac
1844 1127 1894 1191 si
1919 1149 2161 1215 pauper
2182 1177 2201 1202 ,
2232 1130 2341 1215 qui

314 1227 679 1295 thesaurum
715 1254 749 1295 a
780 1255 926 1320 rege
961 1233 1316 1319 depositum
1348 1231 1627 1319 accepit,
1670 1231 1873 1295 alieno
1913 1232 2207 1297 thesauro
2229 1232 2348 1308 sre-

314 1343 414 1397 tns
451 1337 624 1399 velut
659 1335 787 1400 suis
839 1336 1068 1424 opibus
1103 1335 1447 1426 efferatur,
1487 1357 1562 1400 ac
1601 1357 1715 1399 eor
1755 1334 1896 1421 ejus
1939 1329 2095 1403 altos
2137 1349 2349 1404 sumat

334 1439 341 1444 ’
595 1464 635 1501 ιι
653 1441 777 1503 fert
828 1443 906 1503 ab
949 1463 1031 1504 eo
1071 1464 1187 1505 rex
1228 1441 1610 1504 thesaurum
1644 1460 1869 1512 suum,
1902 1454 2354 1527 acpermanet

317 1543 422 1607 ille
458 1539 564 1629 qui
605 1545 872 1630 depositi
912 1541 1054 1608 Ioco
1096 1567 1243 1607 eum
1287 1556 1666 1631 acceperat,
1713 1542 1917 1627 qualis
1947 1556 2086 1607 erat
2129 1559 2350 1620 antea,

318 1668 579 1736 pauper.
636 1645 741 1710 Sic
783 1667 1078 1732 quoque,
1118 1645 1225 1736 qui
1270 1646 1538 1732 gratiam
1568 1644 1896 1710 consecuti
1937 1658 2086 1711 sunt
2109 1696 2126 1722 ,
2161 1648 2211 1712 si
2246 1670 2359 1716 ex-

320 1745 662 1830 tollantur,
704 1772 776 1815 ac
823 1739 1187 1837 superbiam
1219 1749 1582 1838 concipiant
1627 1771 1850 1814 eorum
1884 1753 2116 1827 corda,
2155 1752 2360 1818 aufert

321 1855 398 1920 ab
425 1855 543 1919 illis
571 1855 880 1944 Dominus
911 1853 1175 1944 gratiam
1208 1876 1388 1919 suam
1408 1902 1426 1930 ,
1453 1865 1520 1928 et
1555 1866 1890 1920 remanent
1911 1857 2100 1931 tales,
2135 1858 2354 1943 quales

318 1971 521 2031 erant.
552 1959 726 2048 prius
750 1983 941 2047 quam
969 1961 1296 2025 consecuti
1320 1972 1531 2026 essent
1557 1959 1826 2049 gratiam
1860 1983 1895 2026 a
1917 1960 2214 2058 Domino.
2315 2019 2320 2034 2

405 2063 700 2130 XXVIII.
758 2064 995 2154 Verum
1018 2066 1241 2144 multi,
1276 2088 1344 2131 se
1374 2067 1482 2152 vel,
1504 2064 1899 2131 inhabitante
1927 2065 1992 2132 in
2024 2088 2090 2131 se
2120 2066 2356 2153 gratia,

322 2190 355 2230 a
399 2180 662 2256 peccato
716 2172 880 2236 clam
928 2170 1167 2258 subripi
1214 2193 1342 2236 non
1374 2170 1756 2258 percipiunt.
1800 2169 2359 2250 Quemadmodum

322 2269 372 2333 si
402 2271 481 2334 sit
511 2271 575 2334 in
596 2272 796 2345 ‚domo
829 2274 1033 2359 aliqua
1057 2277 1345 2361 quaedam
1377 2274 1716 2360 juvencula
1736 2322 1756 2349 ,
1791 2274 2082 2340 similiter
2102 2287 2169 2341 et
2205 2276 2361 2341 ado-

321 2377 602 2447 lescens3
637 2385 937 2436 caeterum
959 2375 1095 2438 haec
1128 2377 1473 2439 verborum
1513 2377 1831 2453 illecebris
1864 2380 1944 2442 ab
1976 2401 2053 2442 eo
2078 2373 2361 2459 devicta,

326 2477 414 2565 illi
440 2477 790 2551 consentit,
825 2487 1115 2563 stuprum
1149 2477 1528 2551 committit,
1571 2500 1645 2542 ac
1670 2500 1808 2563 quoe
1845 2484 2199 2566 expellatur
2229 2503 2371 2559 me-

326 2595 505 2648 retur
541 2605 558 2645 ε
609 2581 699 2647 sic
743 2580 1039 2646 terribilis
1087 2581 1192 2647 ille
1238 2604 1498 2670 serpens
1538 2582 1789 2671 peccati
1834 2596 2154 2671 perpetuo·
2193 2587 2371 2653 adest

332 2686 588 2760 animae,
635 2709 772 2751 eam
815 2686 1095 2753 alliciens
1133 2710 1206 2751 ac
1250 2708 1640 2775 provocans3
1686 2710 1826 2774 quae
1867 2687 1919 2752 si
1958 2688 2366 2777 astipuletur,

308 2791 761 2883 ‘communicat
783 2791 992 2856 anima
1014 2791 1390 2880 incorporea
1429 2812 1579 2858 eum
1613 2791 2049 2881 vitiospiritus
2075 2794 2374 2882 incorpo-

331 2919 478 2970 reo,
533 2896 656 2961 hoc
713 2909 841 2970 est,
899 2896 1154 2984 spiritus
1209 2919 1358 2962 cum
1422 2898 1650 2986 spiritu
1702 2898 2072 2968 societatem
2109 2898 2260 2973 init,
2303 2913 2372 2967 ot

330 3001 708 3081 adulterium
741 3000 1081 3069 committit
1108 3002 1170 3067 in
1205 3004 1400 3071 corde
1447 3026 1565 3068 suo
1610 3004 1694 3076 is.
1727 3002 1836 3089 qui
1877 3003 2180 3071 societate
2215 3003 2369 3075 inita

332 3098 553 3195 recipit
577 3096 1023 3196 cogitationem
1051 3107 1433 3194 nequissimi.
1474 3108 1700 3173 Modus
1722 3130 1871 3195 orgo
1897 3108 2257 3174 certaminis
2283 3108 2374 3177 tui

330 3213 436 3283 hic
470 3226 595 3287 est,
629 3237 711 3279 ne
742 3214 1120 3281 adulterium
1168 3214 1529 3280 committas
1576 3214 1639 3278 in
1684 3212 2170 3301 cogitationibus
2207 3216 2368 3290 tuis,

333 3320 444 3415 sed
464 3331 535 3383 ut
560 3306 911 3393 relucteris,
939 3331 1003 3384 et
1026 3319 1351 3385 internum
1369 3320 1610 3389 bellum
1638 3341 1710 3384 ac
1738 3341 2016 3407 pugnam
2041 3320 2369 3406 suscipias,

303 3444 451 3511 ‘nec
484 3446 725 3504 morem
756 3447 966 3512 geras,
1010 3447 1167 3491 neve
1210 3424 1542 3493 delecteris
1568 3447 1602 3488 a
1633 3424 1912 3511 nequitia
1947 3423 2013 3487 in
2040 3422 2374 3511 cogitatio-

332 3528 789 3615 nibusssuam
823 3529 1016 3598 animi
1043 3528 1610 3617 promptitudinem
1640 3529 1690 3591 si
1721 3527 2033 3593 Dominus
2064 3526 2128 3591 in
2160 3540 2225 3593 te
2257 3527 2372 3595 de-

309 3618 709 3717 prehendat,
727 3632 791 3697 in
811 3632 1157 3699 novissimo
1172 3631 1274 3707 die
1291 3629 1555 3718 recipit-t
1581 3641 1644 3692 te
1667 3630 1732 3692 in
1751 3648 2018 3715 regnum
2043 3632 2372 3699 coelorum.

310 3816 315 3827 .
428 3731 669 3801 XXIX.
725 3724 887 3802 Sunt
924 3738 1095 3804 enim
1121 3738 1442 3825 quoedam,
1479 3755 1619 3820 qum
1651 3731 1734 3797 ita
1768 3732 2136 3796 moderatur
2162 3733 2378 3825 Domi·

340 3861 492 3913 nus,
541 3860 623 3900 ne
668 3843 913 3906 nullum
946 3841 1378 3908 testimonium
1422 3837 1639 3929 gratiae
1676 3835 1905 3902 divinae
1938 3844 2005 3900 et
2033 3833 2378 3903 vocationis

340 3942 813 4013 suae-ediderit:
851 3960 994 4011 sunt
1022 3948 1176 4012 item
1208 3959 1275 4014 et
1303 3946 1420 4027 alia
1443 3994 1459 4020 ,
1496 3966 1636 4032 quae
1673 3943 1754 4007 ita
1800 3941 2230 4032 permittendo
2255 3943 2375 4009 ad·-

340 4046 656 4118 ministrat
693 4048 897 4120 Deus,
932 4061 1001 4112 ut
1032 4051 1337 4135 probetur
1360 4062 1423 4115 et
1451 4059 1824 4115 exerceatur
1847 4047 2042 4116 bomo
2062 4095 2080 4123 ,
2107 4068 2181 4114 ac
2203 4058 2375 4136 pate·
