2982 4885
1228 563 1482 609 nomem
1532 567 1692 610 κων.
2363 560 2490 631 277

460 678 645 743 uuius
668 679 962 767 Spiritus,
997 704 1215 746 omues
1240 679 1749 746 Christianorum
1771 684 1993 748 animae
2025 684 2490 758 corroborata,

458 784 813 850 universam
838 789 1242 873 supervolant
1267 786 1635 872 nequitiam.

548 889 678 954 VII.
725 890 954 956 Verum
987 914 1135 956 cum
1168 892 1339 956 navis
1363 903 1428 956 et
1448 892 1871 980 gubernatore
1903 893 2198 982 indigeat,
2237 907 2301 963 et
2331 905 2491 964 tem·

456 1006 673 1080 pereto
727 1009 791 1061 et
852 1019 1099 1061 amoeno
1145 1011 1368 1071 vento,
1408 997 1488 1061 ad
1534 996 1802 1061 feliciter
1852 998 2304 1085 navigandum:
2346 1002 2487 1068 baec

457 1099 665 1163 omnia
691 1112 786 1164 est
816 1101 946 1188 ipse
971 1102 1279 1167 Dominus
1304 1103 1365 1167 in
1392 1102 1601 1167 anima
1636 1099 1803 1165 fideli
1828 1101 2086 1187 degenS,
2118 1115 2185 1167 et
2212 1105 2489 1191 perferre

458 1227 598 1269 eam
632 1204 869 1270 faciens
898 1211 1201 1273 molestas
1232 1219 1664 1297 tempestates,
1691 1219 1757 1272 et
1785 1206 2029 1274 seroces
2061 1210 2314 1276 malitiae
2337 1212 2492 1278 ssuc-

461 1320 585 1386 tus,
624 1323 810 1398 atque
842 1312 1116 1399 impetus
1138 1313 1561 1378 violentorum
1593 1312 1837 1400 peccati
1868 1326 2230 1390 ventorum;
2256 1328 2321 1382 et
2344 1318 2490 1405 qui-

460 1417 606 1479 dem
648 1415 919 1490 sortiter,
954 1416 1269 1482 ferventer
1306 1441 1380 1484 ac
1427 1418 1619 1497 scite,
1655 1428 1730 1480 ut
1770 1416 1905 1504 ipse
1933 1420 2148 1493 novit,
2185 1421 2489 1486 dissoluto

460 1541 683 1583 eorum
720 1533 898 1587 aestu.
937 1522 1194 1608 Absque
1239 1523 1482 1588 coelesti
1519 1523 1691 1587 euim
1723 1521 2173 1608 gubernatore,
2209 1524 2488 1599 Christo,

461 1644 588 1687 non
620 1635 829 1712 potest
860 1625 1167 1713 quispiam
1197 1626 1486 1712 trajicere
1510 1648 1876 1716 perversum
1911 1647 2086 1690 mare
2109 1638 2493 1713 potestatum

462 1748 535 1791 ac
568 1729 980 1793 molestarum
1023 1731 1427 1796 tenebrarum
1475 1730 1894 1795 tentationum
1926 1729 2186 1796 afflatus.
2216 1731 2497 1796 «Ascen—

460 1858 487 1892 »
507 1834 666 1898 dunt
698 1835 893 1910 enim,
924 1836 1149 1922 inquit,
1180 1859 1377 1922 usque
1402 1838 1484 1901 ad
1519 1838 1736 1910 coelos,
1777 1847 1844 1900 et
1875 1837 2271 1901 descendunt
2300 1860 2500 1924 usque

332 1975 337 1982 a
412 2017 417 2028 .
457 1964 484 1996 ι
504 1941 579 2002 ad
605 1939 893 2026 abyssos¹
919 1987 933 2005 .
960 1969 984 1999 n
1004 1941 1280 2006 Omnem
1311 1962 1502 2029 porro
1542 1940 1939 2028 gubernandi
1958 1941 2315 2015 scientiam,
2344 1942 2498 2010 item

453 2043 768 2111 ,bellorum
820 2069 891 2111 ac
936 2047 1358 2113 tentationum
1394 2046 1604 2120 novit,
1641 2068 1829 2135 super
1865 2045 2107 2112 feroces
2143 2045 2499 2112 fluctusin-

458 2151 713 2215 cedens.
742 2178 767 2209 «
797 2152 939 2238 lpse
968 2153 1137 2217 enim
1160 2201 1177 2227 ,
1216 2152 1454 2239 inquit,
1490 2162 1807 2226 tentatus,
1838 2164 2044 2238 potest
2071 2150 2183 2227 iis,
2221 2153 2331 2239 qui
2365 2163 2499 2219 ten·

461 2278 486 2309 n
509 2264 745 2328 tantur,
773 2255 1211 2320 succurrere².
1238 2283 1263 2314 ι
1759 2277 1788 2290 ·

550 2354 719 2419 vlu.
758 2357 1028 2444 Oportet
1086 2379 1236 2444 ergo
1309 2357 1595 2421 converti
1660 2377 1731 2421 ac
1801 2360 2207 2423 transmutari
2260 2362 2501 2428 animas

465 2470 707 2524 nostras
760 2484 793 2524 a
846 2460 1136 2547 praesenti
1167 2471 1336 2524 statu
1385 2461 1450 2523 in
1499 2462 1767 2524 alterum
1807 2472 2064 2535 statum,
2115 2474 2182 2527 et
2224 2464 2500 2532 divinam

464 2576 788 2639 naturam3
821 2577 884 2630 et
903 2564 1035 2630 fieri
1071 2587 1265 2629 novos
1294 2588 1331 2628 e
1354 2563 1694 2637 veteribus,
1723 2563 1846 2628 hoc
1870 2575 1992 2638 est,
2019 2565 2247 2637 bonos.
2275 2567 2502 2657 benig·-

465 2691 580 2733 nos
635 2691 710 2734 ac
758 2668 975 2735 fideles
999 2720 1015 2745 ,
1056 2693 1134 2735 ex
1164 2669 1407 2734 acerbis
1452 2681 1518 2734 et
1571 2667 1932 2735 infidelibus
1947 2695 1965 2744 ς
1999 2682 2065 2735 et
2106 2670 2194 2736 sic
2235 2672 2500 2741 idoneos

465 2774 702 2840 ccelesti
749 2798 943 2863 regno
988 2773 1126 2839 fieri
1168 2786 1233 2839 et
1285 2774 1610 2839 constitui.
1649 2774 1885 2839 Beatus
1931 2774 2100 2841 euim
2147 2775 2376 2843 Paulus
2420 2781 2502 2846 (le

386 2950 393 2955 ,
464 2880 874 2945 conversione
905 2892 972 2945 et
1000 2879 1428 2970 assumptione
1462 2902 1572 2944 sua
1595 2928 1613 2955 ,
1640 2902 1762 2966 qua
1806 2880 2304 2969 comprehensus
2336 2895 2431 2948 est
2465 2908 2500 2949 ι

457 2984 756 3059 Domino,
794 2984 1014 3049 scribit
1044 2988 1217 3050 haec:
1250 3012 1275 3045 ι
1294 2984 1421 3051 Sed
1448 2996 1680 3061 sector,
1709 2984 1759 3050 si
1780 2986 1970 3050 etiam
1997 2985 2496 3075 apprehendam,

456 3104 812 3179 »quatenus
848 3103 914 3163 et
972 3091 1406 3180 apprehensus
1465 3113 1606 3156 sum
1646 3114 1679 3155 a
1724 3089 2050 3159 Christo&
2074 3120 2099 3153 ι
2127 3092 2274 3173 Quo
2308 3092 2501 3183 igitur

356 3230 359 3231 ⁷
458 3210 640 3286 pacto
693 3198 1256 3286 comprehenditur
1310 3221 1343 3262 a
1382 3196 1570 3263 Deo?
1599 3198 2158 3277 Quemadmodum
2216 3200 2391 3266 enim
2449 3202 2501 3268 si

456 3302 734 3390 captivos
787 3304 1133 3389 quosdam,
1196 3326 1355 3390 quos
1422 3314 1754 3390 rapuerat,
1819 3315 2126 3390 tyrannus
2189 3304 2497 3379 abducat,

457 3408 754 3497 deinceps
802 3408 933 3496 ipse
991 3409 1576 3494 comprehendatur
1628 3432 1658 3472 a
1711 3432 1860 3472 vern
1892 3430 2070 3493 regcg
2110 3406 2193 3472 ita
2246 3428 2502 3499 quoque

455 3512 718 3587 Paulus,
756 3535 902 3576 cum
940 3533 972 3573 u
1028 3512 1360 3595 tyrannico
1399 3513 1624 3597 spiritu
1643 3513 1886 3599 peccati
1924 3522 2352 3602 torqueretur,
2374 3513 2502 3581 Ec-

459 3617 709 3680 etesium
765 3615 1269 3705 persequebatur
1315 3623 1380 3675 et
1434 3614 1835 3689 devastabam
1894 3637 2115 3679 verum
2167 3637 2315 3680 cum
2369 3640 2500 3684 non

460 3719 606 3782 odio
642 3719 784 3793 Dei,
827 3721 937 3783 sed
975 3740 1090 3805 per
1135 3714 1555 3804 ignorantiam
1598 3717 1722 3781 hoc
1767 3730 2006 3806 ageret,
2035 3731 2337 3805 tanquam
2378 3743 2497 3809 pro

459 3822 720 3888 veritate
770 3822 1115 3896 dimicans,
1178 3844 1304 3885 non
1345 3833 1439 3886 est
1481 3825 1852 3911 neglectum
1907 3826 2018 3890 sed
2081 3822 2499 3912 apprehendit

457 3950 604 3996 eum
640 3950 997 4015 arcanoque
1040 3929 1374 4016 splendore
1407 3929 1817 3996 circumfudit
1846 3928 2182 4007 Dominus,
2223 3929 2494 3999 coelostis

527 4079 542 4104 ¹
575 4064 698 4119 Psal.
726 4081 857 4132 ent,
887 4065 967 4121 ιδι
992 4080 1096 4140 —2
1118 4065 1275 4121 ssebr.
1301 4080 1361 4131 n,
1391 4065 1465 4121 18.
1491 4094 1556 4109 —
1579 4066 1800 4135 'Philip
1827 4081 1905 4132 m,
1933 4080 2010 4120 n.
