2982 4885
521 334 652 402 ³8·
1330 349 1377 389 s.
1434 346 1510 391 rn
1526 342 1797 394 ιιΑετιιιι

525 471 870 562 piendum,
926 464 1103 551 quod
1159 463 1364 529 Adam
1420 480 1600 552 pater
1652 479 1866 531 noster
1926 476 2258 550 acceperat
2305 486 2321 526 ε
2370 485 2591 550 neque

529 598 672 640 esse
701 572 857 637 illud
909 569 1190 641 virtutis,
1233 582 1341 632 aut
1387 571 1675 634 utilitatis
1718 569 1984 653 alicujus
2020 566 2400 654 opinantur,
2438 592 2594 635 cum

531 680 674 746 sine
703 677 1004 740 mandato
1043 673 1149 736 ino
1189 697 1307 737 nec
1349 676 1446 738 lex
1487 677 1672 739 Mosis
1707 675 1899 764 possit
1931 674 2165 760 accipi,
2202 697 2320 737 nec
2350 674 2595 741 Christi

534 781 792 874 agnosci
840 792 1145 867 pen-petua
1192 791 1255 843 ct
1293 780 1491 844 effusa
1524 781 1723 868 gratia
1746 830 1764 856 ,
1804 794 1991 865 atque
2024 779 2299 865 copiosa.
2331 779 2587 866 Triplici

533 889 707 954 enim
748 884 980 950 virtute
1014 882 1075 947 in
1111 906 1386 971 corpore
1414 885 1798 953 constitutus
1831 883 2264 948 omnishomo
2289 933 2306 958 ,
2343 886 2421 948 de
2450 887 2587 971 lege

534 991 749 1061 divina
787 970 1155 1065 docendus}
1206 1002 1317 1053 aut
1358 994 1713 1055 monendus
1760 989 2133 1074 instruitur,
2169 1001 2239 1051 ut
2285 989 2346 1051 in
2390 990 2590 1076 prima

538 1108 723 1163 {etate
761 1096 878 1160 suh
902 1094 1201 1159 mandato
1237 1093 1358 1166 sit,
1402 1097 1682 1158 secunda
1715 1095 1832 1158 sub
1867 1096 2046 1180 lege,
2083 1094 2265 1157 tertia
2302 1094 2416 1157 sub
2445 1118 2588 1181 gra-

541 1202 630 1267 tia
683 1199 1044 1266 salvatoris.
1099 1199 1377 1284 Ideoque
1424 1203 1526 1263 lex
1563 1199 1908 1263 admonitio
1940 1214 2036 1263 est
2084 1199 2294 1285 potius
2340 1213 2589 1286 propter

546 1305 932 1372 oblivionem
958 1301 1238 1367 mandati
1271 1302 1515 1390 pristini
1535 1353 1551 1376 ‚
1577 1307 1749 1391 quod
1785 1317 1967 1392 pater
2000 1317 2217 1368 noster
2246 1306 2436 1369 Adam
2466 1304 2585 1366 im-

547 1409 773 1500 primis
793 1432 829 1473 a
857 1410 994 1472 Deo
1019 1419 1352 1495 acceperat
1385 1409 1446 1472 in
1479 1409 1811 1496 paradiso;
1844 1408 1929 1472 ita
1961 1409 2131 1472 enim
2166 1409 2463 1495 scriptum
2491 1420 2588 1471 est

552 1516 621 1583 in
651 1519 793 1605 lege
829 1538 845 1579 ε
894 1543 919 1574 ι
943 1513 1034 1580 Ne
1062 1513 1294 1579 oblitus
1324 1516 1698 1580 mandatum
1720 1515 1974 1579 Domini
1997 1514 2111 1578 Dei
2135 1514 2230 1578 tui
2261 1515 2593 1579 recesseris

559 1620 639 1688 ab
688 1643 764 1686 eo
800 1632 865 1684 et
897 1616 1176 1707 pereas¹.
1216 1645 1241 1676 n
1293 1619 1444 1683 Ideo
1490 1622 1593 1685 lex
1629 1619 1975 1683 admonitio
2007 1618 2321 1691 mandati,
2357 1629 2419 1681 et
2452 1640 2594 1681 con-

558 1723 837 1790 firma&
915 1734 1013 1787 est
1081 1722 1271 1810 primi
1342 1723 1527 1788 iltius.
1606 1724 1842 1788 lterum
1924 1724 2291 1787 mandatum
2362 1734 2425 1784 et
2498 1724 2599 1785 lex

565 1826 799 1893 Christi
853 1827 1106 1914 p‘lenam
1152 1826 1497 1913 praedicant
1541 1827 1756 1913 gratiae
1785 1826 2171 1899 honitatem,
2217 1846 2295 1889 ao
2322 1847 2594 1911 praesen-

564 1930 719 1995 tiam
748 1931 1104 1992 salutarem.
1146 1928 1423 2016 Ideoque
1470 1929 1781 1994 Dominus
1816 1930 1903 1999 ait
1940 1953 1955 1993 :
2000 1930 2201 1993 «Ecce
2229 1929 2331 2012 qui
2368 1929 2587 2011 loque-

568 2033 729 2099 »har
775 2031 841 2096 in
887 2029 1258 2118 Prophetis,
1301 2032 1593 2097 adsum'.
1634 2062 1658 2094 ι
1717 2035 1988 2120 Majores
2045 2049 2178 2099 sunt
2221 2032 2427 2117 itaque
2476 2031 2589 2116 qni

574 2137 697 2205 sul»
727 2137 1027 2201 mandato
1054 2136 1313 2202 suerunt
1342 2138 1609 2226 antiqui,
1639 2163 1786 2205 cum
1806 2163 1933 2206 non
1966 2140 2140 2209 obliti
2163 2140 2349 2203 etiam
2368 2137 2603 2202 Christi

577 2241 924 2309 salvatoris
938 2240 1067 2306 suis
1090 2242 1356 2330 posteris
1377 2256 1442 2308 et
1456 2243 1596 2330 ejus
1619 2244 1991 2332 mysterium
2024 2242 2607 2329 nuntiarunt3cujus

577 2359 644 2412 et
667 2345 985 2411 oblivione
1015 2347 1324 2414 existente
1339 2347 1409 2413 »in
1440 2350 1479 2413 J
1486 2348 1700 2424 udaeis,
1736 2350 2081 2414 admonitio
2116 2372 2370 2413 rursum
2394 2350 2606 2413 litterze

576 2452 918 2518 subsecuta
941 2465 1062 2542 est,-
1091 2467 1164 2518 ut
1192 2453 1257 2522 in
1289 2453 1496 2520 littera
1522 2456 1714 2520 etiam
1742 2456 1974 2521 Christi
1993 2454 2288 2543 spiritalis
2314 2455 2566 2519 scientia
2588 2501 2604 2525 ‚

578 2569 646 2623 et
668 2556 937 2623 carnalis
951 2558 1279 2644 praesentia
1299 2559 1660 2626 illuminans
1675 2562 1999 2634 saeculum,
2018 2572 2399 2646 speraretur.
2434 2561 2606 2623 ldeo·

581 2682 708 2748 que
736 2662 835 2744 lex
867 2660 1052 2726 Mosis
1075 2661 1248 2727 aliud
1280 2663 1343 2727 in
1378 2687 1534 2728 sono
1566 2666 1738 2729 vocis
1758 2714 1775 2739 ‚
1819 2664 1990 2730 aliud
2021 2666 2083 2728 in
2111 2666 2484 2730 abscondito
2511 2686 2608 2726 sa-

580 2764 788 2830 lutare
839 2763 1071 2829 Christi
1116 2769 1488 2854 mysterium
1524 2769 1855 2835 continens
1893 2770 2245 2835 nuntiabat.
2284 2759 2468 2856 “Ergo
2512 2789 2612 2830 ne·

587 2887 713 2956 que
772 2867 1142 2933 mandatum
1196 2872 1332 2936 sine
1377 2875 1553 2960 lege,
1600 2898 1721 2940 nec
1767 2877 1868 2940 lex
1918 2876 2052 2940 sine
2098 2877 2427 2946 mandato,
2487 2891 2597 2933 nec

463 3057 468 3064 1
587 2971 784 3143 Rutila
821 2970 1052 3037 Christi
1077 2972 1210 3060 sine
1238 2963 1378 3064 lege
1402 2990 1469 3043 et
1498 2982 1799 3045 mandato
1825 2979 2066 3068 accipi,
2093 2992 2202 3045 aut
2222 2978 2384 3045 credi
2416 2974 2598 3039 debet

703 3096 737 3139 a
763 3098 930 3163 nquo.
994 3113 1008 3137 ι
1116 3094 1118 3098 ’

682 3306 834 3355 cix.
884 3305 974 3356 on
1008 3305 1311 3359 nucum
1347 3307 1437 3357 n‘r
1471 3307 1966 3360 smmi-nomn
2004 3293 2127 3359 nm
2161 3309 2233 3359 ιιι
2274 3303 2536 3356 nonme

1443 3403 1773 3458 nammis.

689 3593 860 3661 Sum·
890 3598 1148 3686 quidam
1179 3596 1457 3666 haeretici
1503 3598 1609 3687 qui
1640 3622 1788 3665 cum
1814 3601 2036 3689 legunt
2070 3600 2498 3688 Scripturam,
2531 3598 2630 3664 di-

603 3711 787 3765 cente
807 3700 1080 3766 Domino
1109 3725 1124 3766 ε
1148 3729 1174 3762 ι
1197 3701 1532 3769 Faciamus
1554 3704 1879 3770 hominem
1908 3709 1988 3772 ad
2010 3697 2351 3794 imagixi'em
2378 3717 2445 3771 et
2467 3703 2630 3768 simi-

676 3844 693 3870 ·
720 3833 863 3883 Dent.
892 3850 1007 3892 ru.
1037 3854 1085 3885 ιι
1114 3847 1161 3889 et
1191 3856 1268 3908 ¹9·
1296 3865 1359 3914 *.''
1383 3854 1403 3877 ⁸
1430 3838 1545 3890 Isti.
1573 3854 1661 3900 ιιι,
1682 3840 1734 3890 6.
