2982 4885
950 572 1030 617 ns
1075 570 1432 617 uanam-ra
1475 569 1728 619 Mauris.
2241 558 2365 635 405

327 686 539 753 omnia
557 735 575 762 ,
601 686 791 753 etiam
828 707 944 779 per
969 687 1095 751 vim
1128 690 1207 754 ad
1233 689 1479 753 bonum
1504 689 1754 754 trahere
1781 711 1847 754 se
1865 690 2070 779 ipsum
2088 738 2107 768 ,
2137 715 2368 780 quam-

326 791 417 857 vis
452 794 803 857 reluctante
835 804 1051 858 nostro
1084 795 1296 858 corde.
1338 821 1364 853 α
1401 793 1541 865 Vim
1567 793 1735 858 enim
1761 796 2037 885 patitur,
2077 799 2163 867 ait
2192 823 2365 865 men-

328 898 473 963 »tiri
504 898 755 963 nescius
801 898 1142 973 Dominus,
1192 921 1457 987 regnum
1491 902 1835 977 coelorum,
1879 914 1943 966 et
1980 903 2238 973 violenti
2273 929 2371 968 ra-

326 1002 551 1090 »piunt
593 1001 822 1068 illud¹.
864 1030 890 1063 n
948 1002 1127 1092 Opus
1173 1026 1430 1091 quoque
1478 1017 1576 1068 est
1627 1006 1926 1070 eumdem
1978 1012 2366 1074 contendere

324 1107 558 1173 intrare
589 1131 702 1196 per
749 1120 1075 1197 angustam
1113 1122 1385 1197 portam.
1435 1093 1708 1196 Oportet
1740 1109 1968 1198 igitur,
2017 1125 2088 1177 ut
2121 1111 2361 1178 dictum

326 1223 458 1285 est,
501 1213 669 1300 ipsos
699 1214 800 1277 vel
841 1213 1069 1277 invitos
1109 1214 1360 1301 adigere
1391 1237 1458 1278 se
1490 1215 1571 1277 ad
1603 1214 1932 1290 virtutem3
1983 1217 2061 1282 ad
2097 1216 2363 1283 charita-

325 1310 453 1395 te'm
478 1364 495 1389 ,
539 1318 645 1403 qui
679 1317 985 1383 charitate
1034 1329 1292 1393 carent3
1345 1320 1425 1383 ad
1465 1322 2062 1396 mansuetudinem,
2103 1324 2210 1411 qui
2240 1323 2365 1387 hac

326 1420 646 1509 indigeam
693 1425 773 1487 ad
811 1423 1177 1488 habendum
1211 1447 1325 1490 cor
1359 1425 1711 1489 humanum
1749 1426 2109 1492 etmiseriis
2144 1428 2363 1495 alienis

319 1512 720 1610 'compatiens
742 1576 759 1601 ,
803 1527 1147 1612 quinetiam
1181 1529 1259 1592 ad
1297 1529 1696 1592 sustinendas
1724 1551 1906 1615 aequo
1941 1528 2150 1593 animo
2176 1532 2362 1616 igno·

322 1626 548 1691 minias
571 1641 636 1693 et
661 1629 1027 1719 despectus,
1057 1643 1120 1696 et
1153 1632 1215 1696 in
1245 1655 1403 1720 pace
1436 1635 1796 1698 durandum
1828 1634 2019 1698 etiam
2053 1656 2201 1698 cum
2229 1634 2368 1699 vili-

322 1731 637 1817 penditur.
678 1734 854 1812 Quos
889 1736 980 1800 sic
1015 1737 1327 1808 laboriose
1365 1748 1681 1802 certantes
1712 1737 1883 1802 Deus
1911 1737 2179 1813 viderit,
2222 1738 2368 1802 sub·

323 1832 738 1925 jugantesque
778 1852 849 1903 ut
885 1842 1085 1905 multa
1129 1842 1545 1906 rebellantem
1585 1841 1892 1907 inutiliter
1927 1855 2221 1907 naturam
2244 1890 2263 1917 ,
2301 1851 2368 1905 et

320 1939 679 2029 frangentes
705 1945 1171 2009 contumaciam
1192 1944 1401 2010 cordis
1428 1945 1592 2011 trahi
1612 1948 1689 2011 ad
1715 1947 1957 2011 bonum
1983 1944 2362 2018 recusantis,

318 2066 426 2110 eos
454 2046 570 2111 etsi
594 2048 881 2113 nondum
904 2048 1173 2114 orationi
1198 2051 1612 2124 assueverint,
1655 2062 1722 2114 et
1743 2052 2030 2116 nondum
2054 2048 2365 2139 precandi

318 2153 557 2217 donum
592 2154 863 2240 Spiritus
897 2156 1105 2243 adepti
1127 2156 1401 2230 fuerint;
1436 2157 1559 2220 illis
1597 2158 1705 2220 dat
1734 2158 2088 2222 orationem
2118 2177 2364 2239 veram,

320 2257 428 2319 dat
463 2257 702 2320 viscera
746 2258 1197 2321 misericordiae
1233 2307 1251 2332 ,
1306 2258 1713 2344 patientiam,
1768 2259 2355 2346 longanimitatem,

320 2368 386 2420 et
411 2369 482 2420 ut
506 2359 701 2421 semel
723 2358 928 2421 dicam
951 2407 967 2432 ,
1000 2362 1204 2447 replet
1227 2382 1341 2422 nos
1384 2359 1681 2423 omnibus
1714 2360 2029 2423 fructibus
2060 2360 2353 2447 Spiritus.

321 2460 388 2526 Si
419 2479 568 2526 vere
592 2461 731 2547 quis
764 2462 1026 2527 aliarum
1050 2463 1308 2549 quidem
1335 2485 1526 2550 egens
1550 2464 1856 2528 virtutum
1882 2463 1999 2540 sit,
2031 2463 2108 2526 ad
2134 2463 2363 2528 oratio-

321 2589 467 2633 nem
505 2580 718 2632 tamen
762 2569 959 2632 solam
999 2566 1202 2655 ipsum
1243 2567 1603 2654 contingat,
1650 2565 1710 2632 vi
1756 2565 1946 2631 etiam
1988 2565 2107 2629 sibi
2145 2565 2310 2630 sacta
2337 2615 2357 2644 ,

322 2670 695 2735 incumbere
719 2719 734 2749 ,
783 2671 865 2736 ita
899 2683 971 2736 ut
996 2673 1237 2736 donum
1264 2672 1565 2736 orationis
1598 2672 1852 2760 aliquod
1890 2682 2211 2760 assecutus
2245 2671 2324 2735 sit
2336 2695 2359 2745 ς

321 2775 400 2838 ad
437 2775 782 2862 parandam
818 2787 1026 2840 autem
1060 2776 1649 2864 mansuetudinem,
1698 2773 2164 2846 humilitatem,
2212 2772 2363 2838 cha·

318 2877 570 2943 ritatem
607 2928 625 2953 ,
685 2892 749 2944 et
804 2892 1002 2945 totam
1055 2880 1364 2945 illustrem
1418 2880 1589 2944 illam
1646 2878 1949 2968 familiam
1994 2875 2300 2941 virtutum
2334 2901 2357 2950 ς

315 2993 745 3073 praetereaque
771 2987 848 3049 ad
883 2983 1132 3049 firmam
1165 2985 1578 3049 obtinendam
1609 2982 1803 3047 fidem
1841 2981 2268 3068 fiduciamque
2293 2981 2361 3045 in

317 3087 673 3163 Christum,
711 3089 1010 3154 remissus
1044 3091 1123 3155 sit
1149 3112 1222 3156 ac
1258 3085 1617 3177 negligens3
1652 3086 1763 3151 tali
1800 3085 2137 3174 aliquando
2172 3086 2362 3149 datur

317 3194 516 3257 oratio
547 3193 651 3257 illa
685 3191 901 3280 gratiae
930 3216 1007 3258 ex
1037 3205 1219 3283 parte
1254 3194 1317 3257 in
1352 3194 1583 3282 gaudio
1620 3204 1685 3258 et
1708 3192 1919 3279 quiete
1942 3239 1959 3266 ,
1991 3190 2168 3278 juxta
2193 3189 2358 3253 illius

319 3296 699 3392 desiderium
730 3322 764 3362 a
797 3299 968 3363 bono
1000 3298 1239 3389 Spiritu
1258 3324 1277 3374 ς
1311 3300 1421 3363 sed
1456 3299 1723 3363 aliorum
1761 3298 1930 3360 idem
1967 3316 2190 3380 expers
2227 3314 2357 3356 ma-

315 3414 424 3466 net
452 3401 739 3466 omnium
769 3402 1125 3476 bonorum3
1163 3424 1240 3464 eo
1264 3403 1438 3485 quod
1478 3404 1557 3466 ad
1588 3419 1812 3464 eorum
1846 3416 2103 3482 quoque
2138 3393 2359 3479 acqui-

317 3505 609 3570 sitionem
657 3504 786 3566 vim
841 3502 960 3565 sihi
1013 3523 1140 3564 non
1194 3502 1421 3563 inserat
1441 3548 1458 3572 ,
1516 3516 1589 3565 ut
1642 3503 1907 3566 dictum<
1940 3509 2035 3563 est
2064 3546 2081 3571 ,
2142 3519 2264 3562 nec
2322 3522 2357 3562 a

320 3601 572 3673 Christo
602 3630 677 3672 ea
706 3607 1004 3694 postulet.
1046 3603 1317 3691 Oportet
1354 3602 1525 3665 enim
1556 3626 1685 3667 non
1716 3607 1922 3669 solum
1950 3605 2029 3667 ad
2055 3602 2359 3689 praedich

320 3725 546 3798 urgere
569 3733 637 3774 se
668 3711 875 3797 ipsum
896 3709 1084 3772 etiam
1110 3703 1376 3772 invitum
1398 3753 1416 3779 ,
1453 3717 1517 3769 et
1544 3727 1576 3769 a
1607 3706 1743 3770 Deo
1771 3708 1995 3771 eadem
2026 3728 2104 3769 eo
2129 3725 2355 3792 usque,

321 3815 534 3901 quoad
565 3833 1013 3901 assequamur,
1060 3823 1314 3902 petere;
1362 3812 1472 3874 sed
1502 3823 1568 3874 et
1606 3809 1957 3896 dijudicare
2005 3827 2132 3882 non
2176 3810 2355 3875 utilia

324 3932 433 3985 aut
477 3942 736 4008 prorsus
775 3920 971 3986 otiosa
1006 3920 1196 3985 verba
1225 3942 1244 3993 ι
1283 3905 1575 3986 meditari
1609 3928 1822 3992 autem
1863 3937 2110 4004 semper
2144 3935 2255 3981 ore
2287 3927 2355 3991 et

392 4066 411 4092 ¹
440 4054 622 4106 Matth.
649 4069 723 4113 xv.
754 4070 830 4112 u,
855 4057 870 4070 ‘
