2982 4885
197 4383 568 4560 ’.ι

681 546 816 643 838
1482 569 1531 614 s.
1584 567 1933 615 rmusran

679 684 795 760 Dei
822 700 918 753 est
946 687 1288 776 appellata;
1317 698 1552 751 terram
1570 700 1781 753 autem
1800 688 1877 752 de
1907 686 2060 751 limo
2095 702 2428 778 acceptam
2452 695 2709 783 adjunc—

681 786 812 861 tam
847 794 1100 867 animae,
1144 792 1208 856 id
1239 804 1368 866 est,
1408 794 1784 858 exteriorem
1819 792 2144 858 hominem
2168 845 2183 868 ,
2228 818 2460 887 corpus
2504 802 2713 892 fragile

684 900 785 967 die
818 899 1101 987 sequenti
1126 898 1542 963 manifestavit
1568 904 1973 987 plasmatum,
2003 923 2074 964 ac
2105 901 2383 968 immisso
2404 929 2625 993 sopore
2653 911 2713 974 in

680 1004 925 1081 Adam,
971 1018 1312 1094 posteaque
1355 1006 1433 1069 de
1479 1017 1649 1070 costa
1688 1004 1826 1092 ejus
1868 1006 2187 1095 accepisse
2234 1008 2612 1088 Dominum,
2652 1028 2714 1081 et

683 1102 906 1181 secisse
951 1109 1286 1174 mulierem
1337 1109 1663 1198 Scriptura
1710 1122 1977 1175 testatur
2028 1134 2100 1175 ac
2153 1113 2499 1201 praedicat:
2542 1132 2605 1184 et
2648 1131 2716 1184 ut

682 1208 960 1309 primum
992 1216 1072 1289 sit
1103 1214 1308 1280 anima
1341 1214 1529 1291 sacta,
1560 1215 1625 1280 id
1656 1228 1775 1293 est,
1811 1228 1987 1281 sexto
2012 1215 2113 1297 die
2144 1241 2159 1280 :
2196 1218 2297 1282 die
2330 1233 2539 1287 autem
2573 1238 2715 1314 se'p-

686 1324 839 1391 timo
882 1346 1111 1410 corpus
1159 1322 1236 1386 de
1286 1333 1449 1386 terra
1495 1323 1870 1409 plasmatum
1916 1322 2068 1386 Adae
2112 1346 2127 1384 ε
2171 1321 2261 1387 sic
2309 1327 2387 1395 de
2425 1328 2537 1391 viri
2572 1351 2713 1393 cor-

672 1453 865 1521 pore,
885 1430 949 1493 id
966 1440 1084 1501 est,
1100 1429 1179 1491 de
1200 1429 1394 1491 latere
1406 1426 1545 1516 ejus
1570 1427 1799 1492 factam
1822 1424 2145 1492 soeminam
2172 1426 2713 1505 demonstraverim

691 1560 822 1605 non
844 1548 939 1602 est
971 1535 1360 1623 ambiguum,
1398 1546 1458 1599 et
1501 1536 1672 1623 quod
1698 1535 1903 1599 anima
1926 1545 2070 1598 ante
2102 1532 2267 1599 facta
2302 1535 2405 1611 sit,
2438 1559 2584 1602 caro
2617 1562 2717 1602 au—

690 1657 823 1710 tem
846 1653 1059 1730 postea
1099 1641 1435 1727 plasmata,
1468 1652 1533 1703 et
1565 1639 1654 1704 sic
1681 1654 1892 1728 postea
1923 1639 2330 1726 inspiratione
2354 1641 2556 1707 infusa
2578 1641 2710 1718 Dei,

690 1760 755 1817 et
778 1745 1069 1835 spiritalis
1105 1744 1165 1808 in
1193 1742 1318 1808 fine
1342 1745 1567 1810 collata
1594 1744 1673 1808 sit
1696 1744 1918 1833 gratia,
1947 1756 2017 1809 ut
2047 1744 2136 1810 sic
2159 1744 2291 1831 jam
2311 1770 2511 1835 capax
2532 1747 2716 1823 homo

689 1851 846 1938 legis
883 1850 1106 1916 divinae
1152 1872 1278 1913 non
1325 1850 1636 1937 impotens
1676 1873 1707 1914 a
1746 1851 2019 1915 Domino
2066 1863 2536 1916 monstraretur.
2581 1852 2720 1915 Evi-

692 1934 847 2021 dens
887 1966 983 2018 est
1028 1954 1185 2018 ratio
1238 1952 1549 2030 veritatis,
1586 1957 1759 2043 quod
1811 1967 1876 2020 et
1910 1955 2134 2020 beatus
2178 1953 2423 2019 dicebat
2463 1955 2671 2023 David
2698 2006 2716 2030 ‚

690 2054 921 2135 saetam
954 2050 1250 2123 animam'
1263 2058 1565 2146 primum,
1601 2059 1691 2124 sic
1717 2082 1949 2149 corpus
1982 2062 2345 2148 plasmatum
2374 2081 2389 2122 ε
2435 2087 2458 2118 ι
2491 2059 2722 2129 Manus

694 2192 721 2226 ι
741 2175 884 2238 tuae,
920 2163 1152 2255 inquit,
1181 2146 1474 2244 Domine,
1500 2165 1789 2232 fecerunt
1811 2179 1875 2231 et
1898 2168 2359 2257 plasmaverunt
2377 2187 2484 2230 me
2504 2165 2556 2231 ¹.
2588 2196 2614 2227 ι
2632 2168 2720 2247 Ac

694 2270 786 2335 sic
818 2282 1031 2359 postea
1064 2268 1252 2333 fuisse
1282 2260 1560 2335 infusum
1592 2271 1884 2360 spiritum
1919 2270 2261 2337 declaravit
2282 2270 2504 2337 dicens
2531 2295 2548 2335 x
2589 2300 2617 2333 ι
2646 2273 2721 2355 Et

695 2402 722 2439 n
742 2364 1046 2467 Spiritum
1070 2387 1357 2440 sanctum
1391 2388 1572 2450 tuum
1597 2399 1679 2441 ne
1703 2376 1946 2444 auferas
1971 2400 2003 2440 a
2036 2398 2139 2441 me
2157 2374 2204 2440 ².
2246 2403 2271 2454 ῳ

864 2597 1021 2647 Lxx.
1064 2596 1378 2646 HAERsssis
1414 2596 1504 2645 DE
1542 2555 1764 2648 ANtMA
1802 2597 2103 2649 HOMtle
2153 2595 2546 2649 INSPIRATA.

779 2789 939 2854 Ama
972 2801 1068 2852 est
1097 2786 1352 2852 haeresis
1389 2811 1530 2874 quae
1568 2787 1720 2853 dicit
1756 2785 2235 2880 inspirationem
2263 2788 2537 2852 animam
2569 2808 2723 2858 esse,

661 2979 670 2986 ‘
694 2916 822 2961 non
842 2892 1312 2980 inspirationem
1331 2893 1392 2957 in
1413 2894 1686 2958 animam
1711 2894 1923 2956 datam
1943 2892 2157 2967 fuisse,
2178 2891 2469 2981 ignorans
2485 2895 2646 2980 quod
2672 2890 2725 2953 si

699 2998 1022 3087 inspiratio
1058 2999 1261 3064 anima
1289 3012 1403 3072 est,
1436 3001 1758 3088 quomodo
1795 2998 2085 3086 judicare
2117 3009 2317 3088 potest
2338 3000 2497 3085 quod
2527 3020 2562 3060 a
2584 2996 2729 3061 Deo

690 3119 786 3172 est
801 3106 1073 3171 infusum
1095 3107 1366 3195 proprie,
1385 3129 1530 3170 cum
1550 3129 1675 3170 nou
1692 3108 2179 3195 attendat‚quod
2198 3103 2511 3194 inspiratio
2528 3101 2726 3167 divini

692 3197 963 3303 Spiritus
992 3226 1087 3277 est
1116 3214 1402 3300 quaedam
1422 3212 1618 3300 gratia
1648 3224 1712 3276 et
1743 3211 2051 3301 profectio
2083 3209 2422 3303 dignitatis,
2450 3222 2523 3273 ut
2533 3209 2731 3300 possit

694 3318 888 3383 homo
903 3341 1099 3406 capax
1121 3316 1271 3406 legis
1290 3316 1562 3381 coelestis
1586 3316 1873 3382 existere.
1899 3317 1979 3384 Et
1996 3316 2442 3408 quodhahenti
2461 3311 2731 3380 animam

693 3420 845 3488 Adae
879 3422 1040 3511 patri
1066 3434 1279 3486 nostro
1322 3413 1462 3484 data
1496 3435 1594 3487 est
1629 3421 1952 3510 inspiratio
1977 3473 1994 3497 ,
2031 3448 2156 3489 non
2199 3423 2405 3489 anima
2439 3420 2734 3511 inspirata

691 3525 755 3591 in
781 3549 927 3591 eum
947 3527 1047 3597 sit,
1074 3524 1347 3589 ostendit
1371 3525 1682 3591 Dominus
1710 3528 1772 3591 in
1790 3527 2132 3617 Evangelio
2164 3552 2178 3594 :
2210 3529 2375 3594 sicut
2401 3539 2544 3592 ante
2566 3524 2737 3590 enim

689 3631 755 3697 in
786 3633 990 3724 Adam
1017 3628 1428 3718 inspiraverat
1459 3631 1617 3721 ipse,
1646 3632 1728 3697 ita
1765 3646 1978 3721 postea
2007 3633 2324 3721 Apostolis
2347 3630 2732 3697 habentibus

689 3737 990 3811 animam,
1006 3749 1150 3825 post
1174 3736 1729 3814 resurrectionem,
1763 3738 1955 3803 divini
1983 3737 2583 3828 Spiritus-majorem
2606 3754 2740 3823 gra·

691 3840 845 3908 tiam
871 3839 1194 3932 inspiravit
1213 3842 1429 3928 dicens
1450 3866 1467 3906 :
1495 3855 1518 3902 α’
1534 3831 1825 3938 Accipite
1844 3844 2148 3934 Spiritum
2168 3855 2463 3908 sanctum
2487 3840 2506 3874 ³
2522 3892 2539 3916 ,
2557 3852 2675 3905 etc.
2701 3865 2724 3894 ι

691 3947 772 4015 Et
795 3972 924 4014 non
949 3948 1148 4013 dixit:
1202 3976 1227 4008 α
1258 3949 1556 4014 Animam
1590 3939 1950 4037 accipitefl'»
1997 3950 2108 4013 sed
2155 3976 2180 4008 α
2210 3947 2519 4036 Spiritum
2558 3963 2744 4010 sane⁴

760 4098 777 4122 ⁸
810 4083 938 4136 Psal.
960 4100 1137 4149 cxviii,
1163 4101 1213 4151 7.
1239 4112 1302 4125 -
1328 4101 1349 4125 ·
1375 4085 1454 4137 ld.
1482 4103 1529 4145 ι..
1553 4101 1627 4138 ιι.
1650 4112 1713 4127 -
1738 4089 1762 4127 ⁸
1781 4088 1928 4140 Joan.
1954 4102 2040 4149 n,
2069 4076 2167 4138 εἰ(
