2982 4885
670 532 751 575 nn
795 524 1149 572 »annana
1194 527 1276 580 ει·
1323 497 1757 591 ριεςιιιιτιοιιιι.
2106 516 2237 603 347

211 651 323 717 hoc
357 664 475 726 est,
513 648 755 714 etiamsi
783 646 1102 737 particeps
1127 644 1324 710 sancti
1357 644 1626 732 Spiritus
1645 643 1780 720 fiat,
1814 646 1880 720 in
1908 669 2023 721 suo
2058 650 2235 716 arbi..

212 758 324 821 trio
371 755 632 821 habebit
691 752 867 840 sequi
929 753 1320 815 voluntatem
1376 750 1640 815 Satanae.
1694 749 1835 815 Sive
1885 754 2056 828 enim
2103 754 2236 843 ipse

208 862 530 934 DominuS,
570 859 695 925 sive
728 856 988 922 Satanas
1022 880 1135 945 per
1159 856 1284 919 vim
1320 857 1667 929 traherent,
1697 879 1825 924 non
1853 872 2017 925 esset
2041 859 2234 934 homo

209 967 318 1030 sibi
351 990 536 1032 causa
571 965 686 1054 ipsi
719 988 845 1028 suae
880 962 1065 1027 sortis
1103 964 1282 1029 malae
1314 974 1423 1028 aut
1453 963 1637 1033 bonae
1661 1010 1679 1036 ‚
1724 962 1990 1033 cadendi
2021 965 2085 1035 iu
2123 990 2237 1056 ge..

208 1074 474 1138 hennam
496 1122 514 1147 ,
553 1082 658 1135 aut
696 1070 759 1134 in
786 1092 1053 1158 regnum
1077 1069 1506 1158 perveniendi.

287 1179 461 1244 XIII.
512 1175 793 1252 Homini,
816 1174 1063 1239 virtutis
1089 1176 1395 1251 studiose,
1429 1176 1628 1238 multa
1654 1195 1805 1244 cura
1832 1174 2260 1264 satagendum,

208 1295 331 1357 est,
377 1294 451 1346 ut
495 1280 874 1346 discretione
921 1282 1188 1367 polleat,
1236 1291 1307 1344 ut
1357 1303 1483 1367 quo
1522 1277 1941 1350 differentiam
1979 1279 2130 1350 boni
2173 1293 2237 1346 et

207 1389 348 1451 mali
377 1390 766 1475 exploratam
806 1386 1070 1461 habeat,
1095 1399 1160 1449 et
1193 1386 1393 1449 varias
1427 1383 1661 1449 diaboli
1699 1384 2001 1451 versutias
2022 1434 2040 1458 ,
2076 1387 2262 1456 soliti

205 1516 314 1578 per
337 1492 651 1578 speciosas
678 1489 1157 1575 imaginationes
1172 1491 1478 1577 plurimos
1508 1500 1893 1577 pervertere,
1919 1491 2236 1565 discutiat,

208 1610 389 1685 atque
424 1594 753 1681 intelligat.
787 1594 1114 1679 Siquidem
1146 1594 1209 1657 in
1234 1594 1407 1657 omni
1440 1594 1693 1682 negotio
1717 1593 2121 1665 utilissimum
2148 1607 2246 1663 est

208 1698 527 1765 securitati
563 1700 912 1762 consulere.
942 1691 1032 1762 Ne
1061 1698 1247 1786 igitur
1270 1699 1523 1764 levitate
1548 1700 1778 1769 mentis
1803 1700 1928 1766 cito
1956 1699 2243 1788 teipsum

208 1807 416 1895 praebe
459 1806 790 1870 credulum
823 1799 1241 1894 spiritualium
1279 1817 1665 1901 potestatum
1710 1794 2120 1894 impulsibus,
2168 1807 2249 1872 ad

213 1925 268 1976 te
308 1909 754 1999 decipiendum
795 1909 959 1973 forte
1002 1911 1400 2008 comparatis.
1445 1910 1707 1977 Etiamsi
1747 1911 1855 1999 qui
1893 1914 2280 2031 loquuntur>v

209 2019 487 2081 coelestes
527 2015 651 2100 suit
691 2013 934 2103 Angeli.
985 2012 1111 2098 Sed
1157 2027 1248 2081 sta
1299 2016 1361 2080 in
1418 2016 1621 2104 gradu
1662 2015 1919 2101 tardus,
1971 2015 2245 2086 examini

210 2119 382 2183 istius
443 2119 690 2208 generis
743 2118 1090 2205 subjiciens
1141 2122 1584 2195 exactissimo;
1633 2120 1803 2208 quod
1849 2122 2091 2192 honum
2148 2134 2245 2187 est

210 2230 593 2315 amplectens
614 2277 630 2302 ,
666 2228 839 2313 quod
871 2229 1110 2289 malum
1138 2227 1450 2310 rejiciens·
1491 2227 1634 2290 Non
1666 2227 1838 2291 enim
1872 2228 2066 2313 ignoti
2099 2241 2246 2298 sunt

209 2329 470 2394 effectus
495 2327 727 2414 gratim,
1236 2351 1330 2400 m,
1361 2340 1710 2411 utcumque
1740 2329 1889 2420 laoni
1915 2351 2246 2415 personam

212 2434 566 2506 assimulet,
601 2441 727 2495 non
1225 2442 1475 2494 mutare.
1520 2430 1679 2497 Nam
1706 2431 1861 2505 etsi,
1899 2434 2248 2501 seeundum

209 2540 626 2628 Apostolum,
674 2562 698 2594 α
1225 2558 1238 2598 ι
1282 2533 1701 2622 tranfigurat-e
1739 2560 1804 2600 se
1845 2535 2252 2640 inmuni

210 2673 234 2704 »
253 2644 413 2739 lucis
437 2642 457 2676 ¹
481 2694 499 2719 ‚
539 2671 563 2700 ι
618 2654 671 2705 ta
1198 2663 1308 2703 nes
1338 2640 1563 2704 offerat
1589 2632 2253 2741 splendida—&mam

213 2749 671 2840 operationem,
1193 2797 1198 2815 .
1235 2748 1536 2818 exhibere
1559 2772 1694 2833 non
1717 2750 1951 2839 poteri-t
1977 2776 1996 2827 ς
2023 2773 2102 2826 ex
2124 2760 2253 2838 quo

214 2869 460 2920 certum
509 2854 650 2949 ejus
1193 2876 1304 2935 ani.
1360 2854 1498 2920 Non
1548 2855 1718 2924 enim
1767 2853 2140 2945 charitatem
2189 2857 2254 2934 in

207 2960 414 3027 Deum
456 2970 568 3041 ‚aut
600 2982 958 3048 proximum
982 3009 997 3032 ‚
1031 2984 1158 3024 non
1202 2959 1756 3027 mansuetudinem
1782 3007 1798 3035 ,
1833 2983 1961 3025 non
2004 2960 2258 3028 humili-
2286 2981 2309 3005 ·

209 3078 402 3129 tatem
424 3115 440 3141 ,
468 3088 597 3129 non
620 3065 942 3154 gaudium.
990 3087 1117 3130 non
1154 3087 1376 3152 pacem
1397 3114 1412 3139 ,
1457 3087 1585 3130 non
1619 3063 2107 3135 refrenationem
2141 3090 2259 3141 εον,

207 3170 619 3258 gitationum,
640 3164 778 3235 'non
810 3169 1029 3235 mundi
1059 3170 1311 3246 odium,
1349 3193 1476 3240 non
1504 3171 1785 3263 quietem
1815 3172 2204 3260 spiritualem
2228 3221 2247 3248 ,
2276 3201 2287 3213 ·

208 3297 336 3338 non
375 3276 756 3377 desiderium
794 3277 1145 3344 coelestium
1180 3278 1621 3365 operationum
1662 3290 1870 3366 potest
1900 3280 2087 3352 dare,
2125 3299 2254 3355 non

211 3401 435 3467 pravos
481 3345 744 3457 affectus
773 3395 837 3446 et
866 3385 1220 3469 voluptates
1263 3405 1706 3470 compescere,
1741 3403 1882 3468 quae
1923 3378 2276 3453 manifesta,

212 3494 361 3547 sunt
391 3507 580 3571 opera
610 3485 841 3571 gratiae.
896 3511 921 3541 α
947 3485 1108 3548 Nam
1152 3484 1427 3554 sructu5‚
1484 3486 1722 3570 inquit,
1763 3481 2034 3571 Spiritus
2064 3493 2246 3556 sunt,

216 3614 242 3646 »
265 3586 560 3662 charitas,
591 3587 919 3673 gaudium,
955 3607 1077 3672 pax
1105 3584 1156 3655 ἒ,
1182 3594 1339 3655 etc„
1371 3605 1684 3667 »quorum
1719 3588 1853 3654 viee
1883 3585 2119 3650 fastum
2152 3585 2281 3673 illei

213 3691 430 3781 potius
463 3702 527 3752 et
561 3691 978 3774 arrogantiam
1026 3688 1394 3780 ingenerare
1425 3688 1630 3752 multo
1670 3688 2031 3777 aptissimus¹
2068 3688 2259 3764 maxi·

209 3812 447 3887 meque
466 3805 690 3879 potens
716 3791 917 3853 luerit.
954 3791 1043 3854 Ex
1068 3790 1434 3877 operatione
1467 3792 1660 3880 igitur
1690 3792 2043 3879 dignosces,
2074 3795 2330 3880 quala

210 3897 296 3993 sit
319 3898 541 4005 quod
575 3908 695 3961 tuce
740 3896 900 3991 sorte
938 3897 1168 3962 animae
1207 3896 1481 3971 illuxerit
1489 3845 1955 3971 ‘intellectuale
1973 3899 2274 3988 lumen,

204 4032 1192 4118 [Ί2001κ1,ι4.-·68181.ν,κ.
1264 4075 1268 4079 Δ

2257 3746 2284 3805 'l

2249 3986 2307 4017 Ι
