2982 4885
1047 642 1055 649 ⁵
1112 542 1370 627 nomm
1416 546 1596 626 xxvi(
1672 556 1679 567 ’
2112 624 2125 631 ,
2208 534 2362 622 '26³1

333 695 518 765 fieret
555 696 758 760 omnis
803 694 995 773 benig
1043 702 1370 787 perpende
1404 700 1469 762 in
1506 709 1804 786 quantam
1839 694 2262 762 humilitatem
2302 720 2369 773 se

336 803 683 890 abjecerit,
723 801 921 867 forma
958 803 1119 868 servi
1156 817 1453 893 accepta,
1490 804 1599 890 qui
1628 815 1724 867 est
1753 803 1957 891 Deus,
1983 800 2099 864 Dei
2132 798 2362 879 Filius,

330 908 491 982 Rex,
516 907 686 970 filius
707 907 915 994 Regis,
942 910 1184 997 donans
1220 908 1477 995 quidem
1511 909 1643 996 ipse
1667 907 1951 971 curantia
1984 905 2322 994 pharmaca
2344 952 2365 980 ‚

333 1034 686 1098 sanansque
717 1014 1115 1089 vulneratos3
1143 1014 1419 1078 exterius
1452 1026 1663 1077 tamen
1696 1012 1865 1077 veIut
1888 1032 2053 1074 unus
2071 1010 2371 1074 vulnera-

332 1130 545 1184 torum
573 1139 900 1205 apparens.
1994 1130 2005 1139 ‘

419 1222 656 1291 XXVI.
700 1223 1013 1289 Caeterum
1036 1247 1118 1289 ne
1149 1224 1456 1312 despicias
1481 1223 1758 1287 divinam
1789 1220 2184 1309 dignitatem,
2214 1222 2368 1286 dum

333 1326 649 1415 conspicis
692 1327 871 1392 illurn
915 1329 1190 1394 exterius
1225 1326 1668 1400 humiliatum,
1733 1336 1803 1388 ut
1842 1326 2112 1392 similem
2144 1325 2366 1402 nobis;

337 1444 602 1519 propter
619 1454 733 1496 nos
767 1433 857 1496 sie
883 1435 1197 1520 apparuit,
1225 1456 1350 1497 non
1376 1444 1641 1519 propter
1663 1452 1728 1494 se
1754 1429 1980 1516 ipsum.
2008 1432 2332 1517 Perpende
2352 1478 2371 1506 ,

343 1556 417 1599 ea
435 1534 591 1600 hora
611 1556 736 1618 qua
759 1536 1144 1608 clamabant,
1167 1561 1193 1594 α
1218 1534 1559 1620 Crucifige,
1599 1532 1898 1621 crucifige
1912 1557 2061 1597 eum
2079 1533 2097 1566 ¹
2113 1561 2163 1606 ,ι
2184 1556 2255 1597 ac
2269 1556 2378 1619 po-

344 1637 534 1724 pulus
584 1636 1043 1712 concurrebat,
1083 1659 1274 1724 quam
1304 1636 1675 1702 humiliatus
1708 1649 1845 1700 erat
1871 1659 1999 1724 prae
2029 1635 2327 1699 omnibus
2358 1638 2374 1699 1

348 1741 908 1821 Quemadmodum
940 1741 1004 1805 in
1038 1742 1228 1807 rebus
1262 1741 1752 1830 aspectabilibus
1792 1742 1841 1806 si
1873 1740 2012 1828 quis
2043 1741 2123 1805 sit
2146 1740 2381 1828 impro-

341 1846 499 1920 bus,
541 1858 875 1934 postquam
914 1847 1230 1934 acceperit
1255 1844 1637 1911 sententiam
1661 1867 1694 1908 a
1725 1845 2097 1933 magistratu
2130 1844 2208 1909 ah
2244 1846 2377 1910 uni-

285 1986 291 1993 ·
339 1973 520 2016 verso
555 1953 791 2039 populo
825 1951 1208 2018 execrationi
1247 1953 1619 2026 devovetur,
1658 1973 1729 2016 ac
1763 1949 2157 2041 contemptui
2190 1949 2381 2017 habe-

338 2070 492 2122 tur:
529 2040 634 2122 sie*
671 2080 924 2146 quoque
980 2058 1287 2124 Dominus
1335 2058 1495 2125 hora
1543 2056 1792 2136 crucis,
1843 2066 2144 2143 tanquam
2185 2054 2378 2121 homo

337 2163 530 2229 vitam
553 2187 701 2230 cum
734 2176 940 2229 morte
973 2177 1516 2239 commutaturus,
1550 2162 2055 2251 vilipendebatur
2087 2185 2122 2227 a
2152 2161 2376 2229 Phari-

340 2270 492 2332 saeis.
527 2270 798 2346 Quando
820 2291 1036 2332 rursus
1061 2281 1496 2354 conspuerunt
1527 2268 1590 2332 in
1612 2272 1859 2334 vultum
1886 2268 2026 2355 ejus
2045 2316 2062 2341 ,
2088 2280 2153 2331 et
2177 2267 2378 2356 impo-

341 2381 605 2434 suerunt
626 2370 686 2433 ei
716 2392 1020 2433 coronam
1052 2370 1366 2458 spineam3
1396 2383 1460 2433 et
1484 2372 1766 2457 colaphis
1796 2395 1944 2437 eum
1980 2371 2373 2446 ceciderunt,

342 2499 533 2568 quam
566 2496 695 2540 non
730 2496 1165 2561 supergressus
1205 2485 1300 2537 est
1345 2472 1815 2537 bumilitatem?
1851 2475 2171 2561 Scriptum
2208 2475 2379 2541 enim

343 2593 440 2648 est
466 2605 483 2643 ε
522 2607 546 2638 α
563 2579 838 2644 Dorsum
862 2599 1076 2642 meum
1096 2577 1241 2643 dedi
1263 2576 1730 2665 flagellantibus
1748 2626 1767 2654 ,
1794 2599 1916 2644 nec
1940 2578 2133 2645 averti
2152 2578 2377 2645 faeiem

344 2706 598 2750 »meam
639 2707 672 2747 a
719 2682 1114 2771 turpitudine
1163 2682 1685 2771 conspuentium,
1726 2705 1848 2748 nec
1892 2706 2082 2772 genas
2125 2707 2298 2751 meas
2341 2707 2377 2750 a

344 2818 370 2852 ι
387 2789 764 2880 percutienti
772 2786 938 2853 bus².
962 2815 987 2848 ι
1009 2780 1196 2869 Quod
1216 2789 1264 2853 si
1284 2789 1452 2854 Deus
1470 2800 1674 2854 tantas
1691 2789 2129 2864 contumelias,
2149 2790 2378 2879 passio-

343 2918 492 2964 nem
518 2917 590 2960 ac
615 2892 1035 2958 humilitatem
1059 2894 1275 2967 subiit,
1297 2906 1392 2968 tu,
1421 2893 1528 2980 qui
1556 2907 1776 2959 natura
1792 2895 1978 2959 limus
1993 2917 2061 2960 es
2076 2907 2140 2959 et
2155 2907 2384 2960 morta-

342 3000 418 3072 lis
449 3012 710 3073 natum,
745 3010 1335 3086 quantumcumque
1363 2998 1729 3064 humiliatus
1752 2999 1969 3077 fueris,
1998 3000 2179 3078 nihil,
2204 3002 2380 3088 quod

343 3126 489 3171 eum
511 3103 782 3171 Domino
811 3116 920 3169 tuo
937 3106 1438 3195 comparandum
1468 3104 1570 3179 sit,
1595 3105 1837 3171 seceris.
1868 3105 2039 3172 Deus
2064 3107 2154 3173 tui
2177 3107 2375 3196 gratia

345 3233 412 3275 se
433 3210 635 3299 ipsum
669 3209 1023 3275 humiliavit
1032 3236 1053 3286 ,·
1082 3223 1152 3276 tu
1171 3234 1321 3277 vero
1349 3211 1439 3276 tui
1464 3211 1663 3302 gratia
1689 3234 1818 3277 non
1846 3213 2125 3280 demittis
2151 3225 2239 3290 te,
2266 3214 2381 3280 sed

345 3314 658 3379 extolleris
670 3326 856 3401 atque
870 3314 1208 3381 insolescis·
1233 3315 1420 3382 Venit
1431 3317 1628 3393 enim,
1645 3329 1716 3383 ut
1730 3316 2100 3384 afflictiones
2110 3329 2177 3382 et
2188 3338 2382 3382 onera

346 3431 453 3484 tua
484 3421 776 3495 tolleret,
822 3443 893 3485 ae
925 3421 1214 3506 requiem
1245 3443 1423 3486 suam
1457 3421 1576 3486 tibi
1606 3421 1923 3488 conferret
1952 3443 1967 3483 ε
2000 3433 2071 3483 tu
2103 3440 2252 3513 vero
2288 3421 2387 3504 la·

343 3525 527 3588 bores
562 3525 937 3616 sufferre-ac
969 3524 1098 3612 pati
1132 3525 1347 3588 renuis
1377 3572 1399 3597 ,
1446 3547 1574 3611 quo
1617 3526 1859 3613 possint
1889 3524 2014 3589 hoc
2054 3536 2245 3612 pacto
2275 3538 2388 3591 tua

347 3629 605 3693 vulnera
625 3630 956 3704 sanitatem
990 3630 1309 3720 consequi.
1346 3628 1563 3695 Gloria
1595 3629 1675 3695 sit
1704 3629 2024 3719 patientiae
2054 3640 2119 3695 et
2148 3631 2374 3718 longa-

301 3811 308 3814 -
354 3728 628 3800 Πίωἰῑειὶὶ
645 3733 836 3820 ipsius
860 3738 925 3801 in
957 3740 1202 3804 saecula.
1244 3721 1470 3804 Amen.

432 3878 449 3905 ¹
477 3866 592 3917 Luc.
621 3882 766 3929 xxm,
791 3884 867 3920 at.
889 3896 952 3909 —-
975 3874 1135 3924 ⁸1sal.
1165 3891 1212 3936 ι,
1230 3876 1281 3926 6.
