2982 4885
674 560 799 611 222
1344 562 1393 610 8·
1450 565 1574 612 HAG
1586 569 1713 613 Anu
1760 564 2026 616 AEGYPTH

664 701 936 765 rumque
966 678 1277 743 virtutum
1309 684 1795 767 perseverarint,
1834 706 1965 749 non
1993 685 2203 750 statim
2220 684 2395 751 Deus
2411 681 2710 754 concedit

666 783 954 872 gratiam,
994 784 1281 870 requiem
1318 796 1380 850 et
1419 788 1874 854 exultationem
1907 791 2205 878 Spiritus,
2234 792 2710 879 longanimitate

663 909 812 974 erga
844 911 952 952 eos
986 912 1159 963 usus,
1194 892 1562 977 donumque
1593 894 1871 960 retinens
1892 919 1907 960 :
1931 919 2047 961 nec
2063 918 2317 983 quoque
2333 896 2460 963 hoc
2477 898 2705 974 otiose:

663 1015 874 1080 neque
900 993 1362 1082 intempestive,
1401 1020 1612 1085 neque
1646 1000 1908 1067 fortuito
1950 1002 2121 1078 facit,
2159 1005 2270 1067 sed
2300 1017 2532 1068 secreta
2555 1026 2712 1091 qua-

660 1100 811 1163 dam
833 1096 1141 1189 sapientia
1159 1103 1252 1165 'ad
1275 1104 1673 1189 probandam
1702 1107 1890 1173 liberi
1916 1108 2159 1172 arbitrii
2190 1109 2711 1183 voluntatem,'ut

657 1204 895 1282 videat,
934 1228 1012 1271 an
1036 1204 1295 1272 fidelem
1327 1229 1403 1273 ac
1428 1230 1723 1278 veracem
1745 1224 2043 1301 reputent
2070 1213 2303 1289 Deum,
2331 1214 2441 1301 qui
2468 1213 2710 1301 pollici·

658 1322 760 1374 tus
793 1311 873 1374 sit
919 1334 986 1375 se
1019 1314 1318 1377 daturum
1356 1317 1753 1401 petentibus,
1788 1340 1860 1382 ac
1891 1319 2294 1406 pulsantibus
2335 1330 2707 1405 aperturum

655 1414 917 1502 januam
962 1416 1146 1492 vitae3
1195 1430 1267 1483 ut
1303 1421 1646 1508 perspiciat
1685 1445 1979 1509 quoque,
2018 1446 2099 1488 an
2127 1422 2237 1511 qui
2264 1444 2409 1489 vere
2431 1423 2709 1487 credunt

656 1521 854 1587 vet-Bo
883 1543 1026 1598 suo,
1061 1525 1143 1589 ad
1165 1521 1355 1590 finem
1377 1548 1589 1614 usque
1602 1528 2002 1614 permansuri
2026 1527 2155 1593 sint
2179 1529 2244 1593 in
2267 1528 2453 1615 plena
2471 1523 2704 1591 fiducia

653 1622 810 1692 fidei
872 1651 946 1695 ac
1001 1629 1365 1715 industriae,
1430 1634 1820 1719 postulantes
1880 1654 1953 1697 ac
2007 1645 2367 1718 quaerentes
2423 1656 2438 1696 :
2494 1652 2703 1696 annon

659 1733 913 1807 afflicti,
954 1742 1018 1796 et
1057 1734 1443 1796 remissiores
1487 1736 1639 1799 facti
1677 1746 2078 1808 avertantur,
2127 1758 2200 1799 ac
2235 1736 2595 1802 diffidentes
2636 1749 2709 1802 et

653 1835 1057 1921 desperantes
1090 1844 1526 1908 contemnant,
1565 1856 1694 1898 non
1723 1836 2138 1921 perdurantes
2159 1838 2237 1901 ad
2268 1835 2464 1901 finem
2496 1863 2710 1928 usque

650 1945 911 2022 propter
942 1933 1452 2019 interjectionem
1480 1938 1804 2025 temporis,
1837 1959 1910 2002 ac
1942 1939 2390 2025 probationem
2410 1943 2709 2012 volunta·

645 2037 725 2102 tis
758 2050 822 2101 et
851 2036 1179 2124 propositi.
2734 2124 2747 2139 ἐ

732 2140 841 2204 111.
885 2140 1012 2220 Qui
1036 2140 1208 2205 enim
1233 2165 1361 2208 non
1390 2144 1722 2210 confestim
1750 2147 2000 2235 accipit,
2028 2161 2291 2237 propter
2326 2149 2694 2219 dilationem

645 2266 721 2309 ac
774 2245 1319 2334 longanimitatem
1360 2248 1517 2324 Dei,
1553 2251 1874 2315 ardentius
1922 2253 2321 2330 accenditur,
2354 2254 2690 2327 ,vehemen-

636 2344 891 2438 tiusque
938 2351 1178 2438 appetit
1223 2353 1502 2417 coelestia
1544 2355 1762 2436 bona,
1794 2367 1983 2442 atque
2031 2356 2240 2444 majus
2277 2358 2680 2436 desiderium,

639 2455 924 2522 studium
947 2505 967 2532 ,
1021 2478 1282 2523 cursum
1307 2507 1326 2535 ,
1376 2445 1734 2535 certamen,
1793 2482 2052 2538 omnem
2108 2462 2361 2530 virtutis
2422 2479 2677 2545 statum,

639 2559 916 2625 esuriem
960 2573 1024 2625 et
1069 2561 1238 2626 sitim
1285 2566 1365 2627 ad
1406 2564 1651 2629 bonum
1683 2565 1969 2651 quotidie
2006 2569 2292 2657 apponit,
2322 2593 2450 2635 non
2479 2570 2677 2638 sactus

634 2664 1023 2732 remissior'a
1056 2665 1294 2730 malitia
1314 2668 1770 2786 cogitationum
1798 2671 2025 2737 animae
2037 2673 2503 2753 inhaerentium,
2522 2690 2584 2743 et
2613 2679 2678 2744 in

635 2778 1103 2855 contemptum,
1146 2770 1603 2860 impatientiam
1631 2795 1702 2838 ac
1735 2759 2243 2864 desperationem
2289 2804 2665 2849 conversus.

635 2882 743 2939 aut
789 2882 1050 2947 contra,
1094 2884 1407 2968 praetextu
1446 2877 1982 2966 longanimitatis,
2025 2886 2333 2951 socordiae
2363 2909 2427 2952 se
2465 2887 2672 2975 ipsum

632 2961 848 3049 dedat,
889 2974 1012 3039 bac
1053 2977 1438 3065 cogitatione
1462 3005 1650 3060 usus,
1676 3006 1933 3073 nempe,
1976 2987 2288 3082 «Quando
2316 3012 2667 3077 consequar

626 3077 891 3170 gratiam
924 3079 1043 3145 Dei
1066 3079 1141 3145 ἓ»
1188 3083 1335 3150 inde
1368 3088 1448 3150 ad
1489 3088 1942 3178 negligentiam
1974 3115 2007 3156 a
2038 3095 2275 3161 malitia
2303 3094 2659 3186 subreptus.

624 3175 709 3244 At
729 3203 884 3247 vero
919 3199 1159 3271 quanto
1210 3189 1411 3277 magis
1438 3188 1752 3257 Dominus
1805 3195 1939 3286 ipse
1986 3197 2335 3268 differendo
2377 3201 2666 3289 longani-

620 3307 816 3368 mum
839 3312 908 3355 se
939 3303 1196 3386 praestat
1228 3315 1378 3381 erga
1412 3317 1593 3372 eum,
1629 3299 1996 3368 examinans
2029 3301 2227 3370 fidem
2270 3327 2345 3370 ac
2387 3304 2666 3371 dilectio-

617 3410 766 3454 nem
805 3396 1149 3462 voluntatis
1182 3396 1354 3486 ejus;
1392 3409 1566 3469 tanto
1598 3402 1828 3482 acrius,
1859 3417 2038 3474 tanto
2068 3408 2464 3499 diligentius,
2500 3410 2663 3476 irre-

613 3493 803 3557 misse
819 3518 893 3562 ac
906 3498 1491 3589 indefatigabiliter
1474 3509 1797 3595 inquirere
1822 3513 2016 3579 debet
2041 3515 2279 3581 donum
2298 3514 2435 3594 Dei,
2457 3517 2655 3581 semel

613 3600 905 3678 credenS,
941 3626 1013 3676 ac
1062 3620 1234 3673 certa
1274 3608 1510 3678 fiducia
1534 3614 1673 3680 sibi
1666 3617 2070 3737 persuadens
2103 3620 2310 3686 Deum
2337 3619 2655 3715 mendacii

613 3719 940 3793 expertem
972 3733 1044 3777 ac
1079 3736 1370 3784 veracem
1399 3727 1569 3797 esse,
1598 3723 1707 3810 qui
1766 3725 2058 3811 promisit
2092 3750 2159 3792 se
2194 3728 2493 3793 daturum
2517 3748 2651 3816 gra-

615 3809 768 3876 tiam
797 3837 975 3881 suam
1012 3818 1077 3884 in
1110 3819 1235 3891 fide
1265 3847 1405 3889 eam
1441 3830 1844 3914 petentibuS,
1877 3855 2078 3922 usque
2134 3837 2214 3900 ad
2258 3833 2456 3901 finem
2499 3855 2647 3901 cum

595 3916 789 4002 „omni
828 3921 1149 4016 patientia.

691 4021 795 4092 1V.
823 4024 1071 4100 Fideles
1101 4034 1273 4102 enim
1301 4036 1528 4105 animae
1559 4037 1815 4110 fidelem
1842 4065 1916 4110 ac
1953 4066 2248 4114 veracem
2280 4045 2643 4114 existimant
