2982 4885
1111 504 1365 552 nomm
1414 506 1667 555 xxxvm.
2274 495 2405 589 257

378 619 643 686 »riculis
669 616 1025 706 copiosius„
1057 618 1119 684 in
1147 621 1591 689 afflictionibus
1624 645 1812 714 supra
1840 626 2130 705 modum,
2164 629 2230 695 in
2260 654 2406 698 car-

381 754 407 786 »
428 726 679 790 ceribus
702 722 1195 792 abundantius¹=
1231 755 1258 791 ι
1275 731 1491 796 volens
1523 732 1857 835 ostendere
1881 756 1952 799 se
1979 737 2190 824 plura,
2216 759 2410 827 quam

376 831 517 920 ipsi,
554 817 807 920 passum
837 853 992 896 esse.

462 935 543 1000 11.
598 935 843 1001 Aurum
885 934 1072 1001 facile
1092 937 1444 1026 reperitur3
1481 939 1838 1032 margaritae
1866 963 2017 1007 vero
2061 957 2127 1012 et
2169 946 2408 1037 lapides

372 1039 655 1127 pretiosi,
680 1041 1002 1106 commodi
1034 1043 1114 1107 ad
1144 1044 1433 1109 diadema
1453 1045 1724 1134 regium,
1751 1046 1954 1112 rarius
1977 1047 2405 1131 inveniuntur:

371 1155 806 1234 saepenumero
838 1145 1008 1212 enim
1037 1169 1115 1212 ex
1159 1146 1232 1213 iis
1263 1149 1572 1239 reperias,
1606 1150 1716 1237 qui
1740 1149 1949 1217 minus
1983 1152 2106 1218 sint
2136 1155 2349 1222 idonei
2387 1180 2406 1223 ε

372 1247 461 1313 sic
501 1272 756 1337 quoque
786 1245 955 1317 inter
992 1249 1416 1346 Christianos,
1462 1254 1572 1342 qui
1605 1266 2129 1342 superstruuntur
2164 1282 2419 1328 coronae

376 1350 645 1429 Christi,
680 1367 756 1420 ut
808 1355 993 1420 sociae
1037 1370 1403 1425 sanctorum
1442 1357 1602 1427 fiant
1639 1359 1863 1425 animae
1900 1361 2041 1429 illae.
2083 1363 2298 1431 Gloria
2335 1366 2417 1432 sit

369 1459 452 1535 ei,
488 1461 596 1546 qui
635 1482 836 1547 usque
860 1464 1016 1527 adeo
1050 1460 1264 1529 dilexit
1294 1465 1571 1531 animam
1603 1467 1795 1543 hanc,
1829 1479 1894 1533 et
1919 1492 2033 1566 pro
2064 1471 2167 1536 illa
2192 1496 2415 1561 passus

373 1573 495 1638 est,
547 1576 612 1628 et
652 1563 973 1630 suscitavit
1003 1588 1142 1630 eam
1183 1589 1216 1632 a
1248 1570 1533 1636 mortuis.
1598 1572 2161 1651 Quemadmodum
2204 1589 2417 1644 autem

368 1666 530 1734 Mosi
558 1668 848 1733 velamen
896 1669 1403 1758 imponebatur'
1385 1697 1450 1738 m
1488 1676 1773 1753 vultum,
1816 1678 1965 1765 quia
1998 1702 2126 1745 non
2169 1677 2418 1770 poterat

367 1770 744 1837 intendere
726 1796 792 1836 m
815 1772 1044 1838 faciem
1068 1774 1206 1861 ejus
1236 1777 1586 1865 populus&
1571 1781 1706 1845 ·sic
1746 1804 2000 1869 quoque
2025 1808 2198 1851 nunc
2233 1787 2413 1856 cordi

363 1888 476 1943 tuo
508 1876 816 1963 injectum
845 1890 941 1943 est
960 1880 1273 1957 velamen,
1311 1904 1392 1947 ne
1423 1884 1777 1972 conspicias
1809 1888 2077 1975 gloriam
2116 1890 2255 1956 Dei.
2295 1889 2416 1957 Ubi

362 2003 513 2047 vero
546 1982 704 2047 illud
739 1981 929 2048 fuerit
988 1983 1292 2061 ablatum,
1336 1998 1473 2052 tum
1521 2002 1784 2078 apparet
1832 2004 1896 2057 et
1945 1993 2302 2062 manifestat
2348 2020 2418 2063 so

366 2085 576 2172 ipsum
609 2084 1014 2162 Christianis,
1060 2103 1125 2154 et
1152 2091 1565 2178 diligentibus
1599 2117 1702 2171 se,
1737 2106 1802 2160 et
1838 2096 2303 2185 inquirentibus
2348 2103 2415 2168 in

360 2190 655 2265 veritate,
687 2202 762 2255 ut
787 2192 917 2255 ait:
961 2193 1417 2312 «Manifestabo
1448 2196 1509 2261 ei
1535 2220 1638 2263 me
1661 2199 1894 2287 ipsum,
1927 2214 1993 2268 et
2014 2208 2410 2275 mansionem

363 2320 389 2353 ι
408 2295 578 2379 apud
608 2315 756 2356 eum
781 2292 1069 2359 saciam⁸.
1094 2323 1120 2356 ι

448 2395 559 2461 ΙΙΙ.
619 2394 1093 2462 Contendamus
1116 2420 1265 2486 ergo
1291 2404 1598 2466 accedere
1629 2405 1708 2469 ad
1732 2404 2055 2497 Christum
2088 2383 2410 2484 mendacii

364 2498 716 2591 expertem,
756 2514 832 2567 ut
862 2523 1326 2589 consequamur
1355 2505 1845 2594 promissionem
1878 2525 1941 2576 et
1980 2514 2224 2582 Novum
2249 2496 2406 2586 Τεσ-

362 2618 742 2683 tamentum,
793 2608 965 2695 quod
1000 2608 1317 2675 renovavit
1358 2609 1667 2677 Dominus
1700 2637 1818 2703 per
1847 2638 2103 2707 crucem
2135 2635 2200 2688 et
2239 2626 2407 2691 mor·-

359 2727 518 2789 tem,
569 2708 845 2780 effractis
898 2713 1124 2802 portis
1148 2714 1378 2780 inferni
1425 2727 1491 2781 et
1540 2719 1823 2806 peccati3
1881 2743 2032 2789 cum
2054 2726 2403 2799 eduxisset

359 2820 602 2886 animas
635 2818 676 2884 f
683 2821 876 2897 deles
915 2816 1173 2886 donavit
1202 2820 1439 2887 eisdem
1472 2821 1736 2890 interius
1758 2824 2184 2909 Paracletum,
2208 2838 2399 2925 atque

354 2927 603 2993 reduxit
632 2927 767 2993 illas
799 2927 861 2991 in
882 2948 1146 3016 regnum
1180 2950 1386 2993 suum.
1431 2928 1567 2994 Una
1594 2951 1748 3023 ergo
1779 2955 1928 2998 cum
1963 2934 2069 3001 illo
2103 2962 2218 3006 nos
2243 2965 2398 3029 quo-

350 3061 474 3124 que
506 3057 875 3125 regnemus,
908 3032 974 3101 in
1003 3032 1355 3099 Jerusalem
1388 3032 1641 3111 civitate
1680 3037 1853 3125 ejus,
1886 3040 1951 3106 in
1982 3046 2242 3111 coelesti'
2265 3047 2397 3115 Ec-

351 3141 561 3219 clesia,
600 3142 666 3205 in
698 3140 897 3205 choro
931 3151 1295 3205 sanctorum
1326 3134 1739 3229 Angelorum.
1778 3143 1907 3224 Qui
1937 3169 2087 3214 vero
2117 3152 2387 3222 fratrum

349 3246 539 3334 longo
572 3258 855 3335 tempore
878 3245 1201 3312 exercitati
1224 3257 1288 3310 et
1316 3245 1569 3334 probati
1601 3259 1775 3325 sunt,
1808 3248 1874 3316 hi
1908 3269 2173 3341 possunt
2204 3261 2384 3324 rudi-

349 3355 470 3419 bus
503 3352 818 3451 suppetias
848 3351 1013 3416 serre
1049 3362 1114 3416 et
1146 3349 1443 3438 compati.

435 3458 540 3525 lv.
594 3457 871 3536 Quidam
916 3455 1087 3519 enim
1123 3453 1480 3519 munientes
1521 3478 1588 3518 se
1621 3455 1820 3544 ipsos,
1859 3468 1926 3523 et
1968 3474 2002 3524 a
2038 3462 2231 3548 gratia
2265 3466 2385 3534 Dei

351 3562 657 3648 imprimis
703 3560 955 3650 agitati,
1011 3558 1168 3621 adeo
1215 3555 1605 3620 sanctificata
1646 3562 1937 3629 membra
1985 3589 2093 3629 sua
2135 3592 2385 3658 repere-

352 3677 530 3743 runt,
569 3676 641 3727 ut
682 3640 1112 3730 existimarenit
1173 3682 1301 3724 non
1363 3659 1766 3747 contingere,
1801 3676 1873 3730 ut
1903 3668 1965 3730 in
2007 3670 2389 3742 christianis—

353 3789 532 3833 mum
566 3769 751 3830 cadat
782 3768 1132 3853 cupiditas,
1168 3766 1279 3829 sed
1307 3788 1415 3831 eos
1447 3764 1767 3853 possidere
1796 3784 2076 3839 mentem
2108 3773 2384 3851 sobriam

422 3931 437 3956 ¹
472 3918 640 3968 acor.
662 3932 734 3971 xi.
764 3915 843 3969 23.
871 3943 932 3953 —
961 3915 1165 3967 ·.Exod
1197 3933 1368 3982 xxxxv,
1405 3919 1489 3982 33,
1513 3919 1597 3981 34,
1619 3920 1858 3979 etacor.
1885 3943 1969 3991 m,
2000 3928 2072 3982 13.
2095 3958 2157 3969 —
2184 3934 2396 3991 'loom‘

348 4016 454 4063 xiv,
479 4015 559 4058 st,
589 3998 668 4049 23.

574 4103 788 4161 κινιιι,
922 4086 925 4091 ’
2082 4114 2160 4213 17
