<?xml version="1.0" encoding="UTF-8"?>
<!DOCTYPE html PUBLIC "-//W3C//DTD XHTML 1.0 Transitional//EN"
    "http://www.w3.org/TR/xhtml1/DTD/xhtml1-transitional.dtd">
<html xmlns="http://www.w3.org/1999/xhtml" xml:lang="en" lang="en">
 <head>
  <title>
</title>
<meta http-equiv="Content-Type" content="text/html;charset=utf-8" />
  <meta name='ocr-system' content='tesseract 3.04.00' />
  <meta name='ocr-capabilities' content='ocr_page ocr_carea ocr_par ocr_line ocrx_word'/>
</head>
<body>
  <div class='ocr_page' id='page_1' title='image "./sanctorummacari00egypgoog_0558.png"; bbox 0 0 2982 4885; ppageno 0'>
   <div class='ocr_carea' id='block_1_1' title="bbox 678 390 1918 481">
    <p class='ocr_par' dir='ltr' id='par_1_1' title="bbox 678 390 1918 481">
     <span class='ocr_line' id='line_1_1' title="bbox 678 390 1918 481; baseline -0.002 -1"><span class='ocrx_word' id='word_1_1' title='bbox 678 410 808 481; x_wconf 83' lang='lat'><strong>512</strong></span> <span class='ocrx_word' id='word_1_2' title='bbox 918 390 935 405; x_wconf 56' lang='grc'>’</span> <span class='ocrx_word' id='word_1_3' title='bbox 1460 435 1508 480; x_wconf 78' lang='lat' dir='ltr'><strong>s.</strong></span> <span class='ocrx_word' id='word_1_4' title='bbox 1566 430 1918 479; x_wconf 63' lang='lat' dir='ltr'><strong>»munau</strong></span> 
     </span>
    </p>
   </div>
   <div class='ocr_carea' id='block_1_2' title="bbox 677 552 2709 855">
    <p class='ocr_par' dir='ltr' id='par_1_2' title="bbox 677 552 2709 855">
     <span class='ocr_line' id='line_1_2' title="bbox 682 552 2709 645; baseline 0.002 -22"><span class='ocrx_word' id='word_1_5' title='bbox 682 568 747 623; x_wconf 87' lang='lat' dir='ltr'><strong>et</strong></span> <span class='ocrx_word' id='word_1_6' title='bbox 808 555 1014 644; x_wconf 78' lang='lat' dir='ltr'><strong>ipsum</strong></span> <span class='ocrx_word' id='word_1_7' title='bbox 1067 564 1284 621; x_wconf 84' lang='lat' dir='ltr'><strong>natum</strong></span> <span class='ocrx_word' id='word_1_8' title='bbox 1315 604 1333 630; x_wconf 87' lang='lat'><strong>,</strong></span> <span class='ocrx_word' id='word_1_9' title='bbox 1383 568 1447 620; x_wconf 87' lang='lat' dir='ltr'><strong>et</strong></span> <span class='ocrx_word' id='word_1_10' title='bbox 1504 555 1712 644; x_wconf 79' lang='lat' dir='ltr'><strong>ipsum</strong></span> <span class='ocrx_word' id='word_1_11' title='bbox 1759 576 2018 645; x_wconf 83' lang='lat' dir='ltr'><strong>passum</strong></span> <span class='ocrx_word' id='word_1_12' title='bbox 2047 602 2065 628; x_wconf 87' lang='lat'><strong>,</strong></span> <span class='ocrx_word' id='word_1_13' title='bbox 2128 564 2195 619; x_wconf 88' lang='lat' dir='ltr'><strong>et</strong></span> <span class='ocrx_word' id='word_1_14' title='bbox 2269 552 2483 644; x_wconf 79' lang='lat' dir='ltr'><strong>ipsum</strong></span> <span class='ocrx_word' id='word_1_15' title='bbox 2547 580 2709 627; x_wconf 85' lang='lat' dir='ltr'><strong>mor-</strong></span> 
     </span>
     <span class='ocr_line' id='line_1_3' title="bbox 685 658 2706 749; baseline 0.003 -24"><span class='ocrx_word' id='word_1_16' title='bbox 685 672 864 725; x_wconf 84' lang='lat' dir='ltr'><strong>tuum</strong></span> <span class='ocrx_word' id='word_1_17' title='bbox 896 658 1088 725; x_wconf 77' lang='lat' dir='ltr'><strong>fuisse</strong></span> <span class='ocrx_word' id='word_1_18' title='bbox 1113 658 1177 724; x_wconf 88' lang='lat' dir='ltr'><strong>in</strong></span> <span class='ocrx_word' id='word_1_19' title='bbox 1203 681 1470 749; x_wconf 87' lang='lat' dir='ltr'><strong>corpore</strong></span> <span class='ocrx_word' id='word_1_20' title='bbox 1513 683 1530 724; x_wconf 75' lang='grc' dir='ltr'><strong><em>ε</em></strong></span> <span class='ocrx_word' id='word_1_21' title='bbox 1566 660 1670 726; x_wconf 86' lang='lat' dir='ltr'><strong>hie</strong></span> <span class='ocrx_word' id='word_1_22' title='bbox 1708 660 1898 726; x_wconf 84' lang='lat' dir='ltr'><strong>etiam</strong></span> <span class='ocrx_word' id='word_1_23' title='bbox 1936 658 2191 726; x_wconf 84' lang='lat' dir='ltr'><strong>dicebat</strong></span> <span class='ocrx_word' id='word_1_24' title='bbox 2223 660 2553 730; x_wconf 50' lang='lat' dir='ltr'><strong>&amp;Mosem</strong></span> <span class='ocrx_word' id='word_1_25' title='bbox 2581 688 2706 732; x_wconf 68' lang='lat' dir='ltr'><strong>ense</strong></span> 
     </span>
     <span class='ocr_line' id='line_1_4' title="bbox 677 763 1901 855; baseline 0.001 -25"><span class='ocrx_word' id='word_1_26' title='bbox 677 776 743 832; x_wconf 86' lang='lat' dir='ltr'><strong>et</strong></span> <span class='ocrx_word' id='word_1_27' title='bbox 765 764 1026 831; x_wconf 75' lang='lat' dir='ltr'><strong>fratrem</strong></span> <span class='ocrx_word' id='word_1_28' title='bbox 1060 787 1247 831; x_wconf 76' lang='lat' dir='ltr'><strong>suum</strong></span> <span class='ocrx_word' id='word_1_29' title='bbox 1274 763 1474 832; x_wconf 77' lang='lat' dir='ltr'><strong>Elium</strong></span> <span class='ocrx_word' id='word_1_30' title='bbox 1508 767 1901 855; x_wconf 86' lang='lat' dir='ltr'><strong>prophetam.</strong></span> 
     </span>
    </p>
   </div>
   <div class='ocr_carea' id='block_1_3' title="bbox 1377 949 2000 1000">
    <p class='ocr_par' dir='ltr' id='par_1_3' title="bbox 1377 949 2000 1000">
     <span class='ocr_line' id='line_1_5' title="bbox 1377 949 2000 1000; baseline 0.003 -4"><span class='ocrx_word' id='word_1_31' title='bbox 1377 949 1568 1000; x_wconf 71' lang='lat' dir='ltr'>xxvi.</span> <span class='ocrx_word' id='word_1_32' title='bbox 1609 949 2000 999; x_wconf 60' lang='lat' dir='ltr'><strong>manemus.</strong></span> 
     </span>
    </p>
   </div>
   <div class='ocr_carea' id='block_1_4' title="bbox 670 1115 2700 1624">
    <p class='ocr_par' dir='ltr' id='par_1_4' title="bbox 670 1115 2700 1624">
     <span class='ocr_line' id='line_1_6' title="bbox 759 1115 2700 1205; baseline -0.002 -18"><span class='ocrx_word' id='word_1_33' title='bbox 759 1121 1096 1189; x_wconf 53' lang='lat' dir='ltr'><strong>Sannaus</strong></span> <span class='ocrx_word' id='word_1_34' title='bbox 1124 1128 1269 1205; x_wconf 78' lang='lat' dir='ltr'><strong>post</strong></span> <span class='ocrx_word' id='word_1_35' title='bbox 1302 1117 1493 1181; x_wconf 81' lang='lat' dir='ltr'><strong>istum</strong></span> <span class='ocrx_word' id='word_1_36' title='bbox 1528 1116 1606 1181; x_wconf 90' lang='lat' dir='ltr'><strong>de</strong></span> <span class='ocrx_word' id='word_1_37' title='bbox 1637 1115 1834 1203; x_wconf 80' lang='lat' dir='ltr'><strong>Lybia</strong></span> <span class='ocrx_word' id='word_1_38' title='bbox 1852 1115 2200 1203; x_wconf 78' lang='lat' dir='ltr'><strong>discipulus</strong></span> <span class='ocrx_word' id='word_1_39' title='bbox 2228 1117 2392 1204; x_wconf 83' lang='lat' dir='ltr'><strong>ejus,</strong></span> <span class='ocrx_word' id='word_1_40' title='bbox 2421 1119 2700 1184; x_wconf 88' lang='lat' dir='ltr'><strong>similitu-</strong></span> 
     </span>
     <span class='ocr_line' id='line_1_7' title="bbox 676 1206 2696 1299; baseline 0 -9"><span class='ocrx_word' id='word_1_41' title='bbox 676 1226 887 1291; x_wconf 86' lang='lat' dir='ltr'><strong>dinem</strong></span> <span class='ocrx_word' id='word_1_42' title='bbox 914 1223 1009 1287; x_wconf 84' lang='lat' dir='ltr'><strong>sui</strong></span> <span class='ocrx_word' id='word_1_43' title='bbox 1043 1221 1319 1287; x_wconf 87' lang='lat' dir='ltr'><strong>doctoris</strong></span> <span class='ocrx_word' id='word_1_44' title='bbox 1351 1220 1568 1285; x_wconf 84' lang='lat' dir='ltr'><strong>itidem</strong></span> <span class='ocrx_word' id='word_1_45' title='bbox 1596 1206 1848 1286; x_wconf 68' lang='lat' dir='ltr'><strong>secutos</strong></span> <span class='ocrx_word' id='word_1_46' title='bbox 1874 1233 1970 1285; x_wconf 81' lang='lat' dir='ltr'><strong>est</strong></span> <span class='ocrx_word' id='word_1_47' title='bbox 2004 1234 2069 1285; x_wconf 90' lang='lat' dir='ltr'><strong>et</strong></span> <span class='ocrx_word' id='word_1_48' title='bbox 2097 1243 2382 1285; x_wconf 83' lang='lat' dir='ltr'><strong>errorem</strong></span> <span class='ocrx_word' id='word_1_49' title='bbox 2401 1272 2420 1299; x_wconf 87' lang='lat'><em>,</em></span> <span class='ocrx_word' id='word_1_50' title='bbox 2451 1225 2613 1289; x_wconf 85' lang='lat' dir='ltr'><strong>unde</strong></span> <span class='ocrx_word' id='word_1_51' title='bbox 2639 1238 2696 1290; x_wconf 88' lang='lat' dir='ltr'><strong>et</strong></span> 
     </span>
     <span class='ocr_line' id='line_1_8' title="bbox 675 1324 2697 1415; baseline -0.001 -18"><span class='ocrx_word' id='word_1_52' title='bbox 675 1328 1017 1397; x_wconf 78' lang='lat' dir='ltr'>Sabelliani</span> <span class='ocrx_word' id='word_1_53' title='bbox 1062 1339 1276 1415; x_wconf 81' lang='lat' dir='ltr'><strong>postea</strong></span> <span class='ocrx_word' id='word_1_54' title='bbox 1316 1339 1461 1391; x_wconf 85' lang='lat' dir='ltr'><strong>sunt</strong></span> <span class='ocrx_word' id='word_1_55' title='bbox 1495 1326 1828 1413; x_wconf 86' lang='lat' dir='ltr'><strong>appellati,</strong></span> <span class='ocrx_word' id='word_1_56' title='bbox 1875 1325 1982 1412; x_wconf 88' lang='lat' dir='ltr'><strong>qui</strong></span> <span class='ocrx_word' id='word_1_57' title='bbox 2023 1324 2088 1390; x_wconf 80' lang='lat' dir='ltr'><strong>et</strong></span> <span class='ocrx_word' id='word_1_58' title='bbox 2122 1325 2592 1414; x_wconf 69' lang='lat' dir='ltr'><strong>patripassiani,</strong></span> <span class='ocrx_word' id='word_1_59' title='bbox 2636 1340 2697 1394; x_wconf 85' lang='lat' dir='ltr'><strong>et</strong></span> 
     </span>
     <span class='ocr_line' id='line_1_9' title="bbox 679 1429 2695 1519; baseline -0.001 -20"><span class='ocrx_word' id='word_1_60' title='bbox 679 1433 971 1500; x_wconf 83' lang='lat' dir='ltr'><strong>Praxiani</strong></span> <span class='ocrx_word' id='word_1_61' title='bbox 998 1456 1031 1497; x_wconf 90' lang='lat' dir='ltr'><strong>a</strong></span> <span class='ocrx_word' id='word_1_62' title='bbox 1055 1430 1312 1506; x_wconf 80' lang='lat' dir='ltr'><strong>l‘raxea,</strong></span> <span class='ocrx_word' id='word_1_63' title='bbox 1340 1444 1401 1494; x_wconf 86' lang='lat' dir='ltr'><strong>et</strong></span> <span class='ocrx_word' id='word_1_64' title='bbox 1420 1429 1892 1519; x_wconf 80' lang='lat' dir='ltr'><strong>hermogeniani</strong></span> <span class='ocrx_word' id='word_1_65' title='bbox 1909 1430 1988 1493; x_wconf 85' lang='lat' dir='ltr'><strong>ab</strong></span> <span class='ocrx_word' id='word_1_66' title='bbox 2008 1430 2428 1519; x_wconf 80' lang='lat' dir='ltr'><strong>Hermogene,</strong></span> <span class='ocrx_word' id='word_1_67' title='bbox 2459 1432 2695 1519; x_wconf 77' lang='lat' dir='ltr'><strong>quisue-</strong></span> 
     </span>
     <span class='ocr_line' id='line_1_10' title="bbox 670 1535 2694 1624; baseline -0.001 -19"><span class='ocrx_word' id='word_1_68' title='bbox 670 1553 818 1605; x_wconf 87' lang='lat' dir='ltr'><strong>runt</strong></span> <span class='ocrx_word' id='word_1_69' title='bbox 846 1541 908 1604; x_wconf 93' lang='lat' dir='ltr'><strong>in</strong></span> <span class='ocrx_word' id='word_1_70' title='bbox 941 1538 1173 1611; x_wconf 66' lang='lat' dir='ltr'><strong>Africa,</strong></span> <span class='ocrx_word' id='word_1_71' title='bbox 1201 1537 1307 1624; x_wconf 83' lang='lat' dir='ltr'><strong>qui</strong></span> <span class='ocrx_word' id='word_1_72' title='bbox 1346 1549 1411 1600; x_wconf 90' lang='lat' dir='ltr'><strong>et</strong></span> <span class='ocrx_word' id='word_1_73' title='bbox 1443 1536 1526 1601; x_wconf 87' lang='lat' dir='ltr'><strong>ita</strong></span> <span class='ocrx_word' id='word_1_74' title='bbox 1560 1536 1901 1601; x_wconf 79' lang='lat' dir='ltr'><strong>sentiemes</strong></span> <span class='ocrx_word' id='word_1_75' title='bbox 1933 1535 2163 1622; x_wconf 85' lang='lat' dir='ltr'><strong>abjecti</strong></span> <span class='ocrx_word' id='word_1_76' title='bbox 2196 1549 2344 1603; x_wconf 86' lang='lat' dir='ltr'><strong>sunt</strong></span> <span class='ocrx_word' id='word_1_77' title='bbox 2374 1537 2453 1602; x_wconf 77' lang='lat' dir='ltr'><strong>al»</strong></span> <span class='ocrx_word' id='word_1_78' title='bbox 2485 1538 2694 1603; x_wconf 85' lang='lat' dir='ltr'><strong>Eccle-</strong></span> 
     </span>
    </p>
   </div>
   <div class='ocr_carea' id='block_1_5' title="bbox 668 1644 1117 1715">
    <p class='ocr_par' dir='ltr' id='par_1_5' title="bbox 668 1644 1117 1715">
     <span class='ocr_line' id='line_1_11' title="bbox 668 1644 1117 1715; baseline -0.004 -5"><span class='ocrx_word' id='word_1_79' title='bbox 668 1646 757 1710; x_wconf 75' lang='lat' dir='ltr'><strong>sia</strong></span> <span class='ocrx_word' id='word_1_80' title='bbox 789 1644 1117 1715; x_wconf 83' lang='lat' dir='ltr'><strong>catholica.</strong></span> 
     </span>
    </p>
   </div>
   <div class='ocr_carea' id='block_1_6' title="bbox 801 1797 2575 1946">
    <p class='ocr_par' dir='ltr' id='par_1_6' title="bbox 801 1797 2575 1946">
     <span class='ocr_line' id='line_1_12' title="bbox 801 1797 2575 1855; baseline -0.002 -5"><span class='ocrx_word' id='word_1_81' title='bbox 801 1799 1026 1850; x_wconf 73' lang='lat' dir='ltr'><strong>xxvii.</strong></span> <span class='ocrx_word' id='word_1_82' title='bbox 1086 1797 1373 1855; x_wconf 73' lang='lat' dir='ltr'><strong>sssLEUCt</strong></span> <span class='ocrx_word' id='word_1_83' title='bbox 1433 1798 1521 1848; x_wconf 78' lang='grc' dir='ltr'><strong>ΒΤ</strong></span> <span class='ocrx_word' id='word_1_84' title='bbox 1570 1798 1866 1850; x_wconf 76' lang='lat' dir='ltr'><strong>HERMIAE</strong></span> <span class='ocrx_word' id='word_1_85' title='bbox 1920 1797 2234 1848; x_wconf 78' lang='lat' dir='ltr'><strong>nAEnEsts</strong></span> <span class='ocrx_word' id='word_1_86' title='bbox 2295 1798 2382 1846; x_wconf 73' lang='lat' dir='ltr'><strong>DE</strong></span> <span class='ocrx_word' id='word_1_87' title='bbox 2442 1797 2575 1847; x_wconf 76' lang='lat'><strong>0130</strong></span> 
     </span>
     <span class='ocr_line' id='line_1_13' title="bbox 1497 1892 2540 1946; baseline 0.003 -1"><span class='ocrx_word' id='word_1_88' title='bbox 1497 1896 1887 1946; x_wconf 66' lang='lat' dir='ltr'><strong>conpotum.</strong></span> <span class='ocrx_word' id='word_1_89' title='bbox 2525 1892 2540 1913; x_wconf 75' lang='lat'><em>&#39;</em></span> 
     </span>
    </p>
   </div>
   <div class='ocr_carea' id='block_1_7' title="bbox 608 2017 2696 3897">
    <p class='ocr_par' dir='ltr' id='par_1_7' title="bbox 629 2017 2696 3792">
     <span class='ocr_line' id='line_1_14' title="bbox 758 2017 2696 2103; baseline -0.001 -20"><span class='ocrx_word' id='word_1_90' title='bbox 758 2019 912 2103; x_wconf 63' lang='lat' dir='ltr'><strong>Qum</strong></span> <span class='ocrx_word' id='word_1_91' title='bbox 956 2031 1050 2084; x_wconf 85' lang='lat' dir='ltr'><strong>est</strong></span> <span class='ocrx_word' id='word_1_92' title='bbox 1098 2019 1231 2083; x_wconf 83' lang='lat' dir='ltr'><strong>haec</strong></span> <span class='ocrx_word' id='word_1_93' title='bbox 1269 2018 1507 2082; x_wconf 78' lang='lat' dir='ltr'><strong>vanitas</strong></span> <span class='ocrx_word' id='word_1_94' title='bbox 1563 2018 1974 2097; x_wconf 79' lang='lat' dir='ltr'><strong>Galatarum,</strong></span> <span class='ocrx_word' id='word_1_95' title='bbox 2025 2020 2264 2086; x_wconf 82' lang='lat' dir='ltr'><strong>Seleuci</strong></span> <span class='ocrx_word' id='word_1_96' title='bbox 2303 2032 2366 2082; x_wconf 80' lang='lat' dir='ltr'><strong>et</strong></span> <span class='ocrx_word' id='word_1_97' title='bbox 2421 2017 2696 2082; x_wconf 69' lang='lat' dir='ltr'><strong>Hermiae</strong></span> 
     </span>
     <span class='ocr_line' id='line_1_15' title="bbox 667 2120 2693 2212; baseline -0.002 -22"><span class='ocrx_word' id='word_1_98' title='bbox 667 2123 1153 2190; x_wconf 63' lang='lat' dir='ltr'><strong>haeretieorum?</strong></span> <span class='ocrx_word' id='word_1_99' title='bbox 1176 2121 1282 2209; x_wconf 88' lang='lat' dir='ltr'><strong>qui</strong></span> <span class='ocrx_word' id='word_1_100' title='bbox 1315 2144 1464 2186; x_wconf 88' lang='lat' dir='ltr'><strong>cum</strong></span> <span class='ocrx_word' id='word_1_101' title='bbox 1497 2124 1717 2188; x_wconf 85' lang='lat' dir='ltr'><strong>volunt</strong></span> <span class='ocrx_word' id='word_1_102' title='bbox 1746 2125 1951 2191; x_wconf 78' lang='lat' dir='ltr'><strong>Deum</strong></span> <span class='ocrx_word' id='word_1_103' title='bbox 1978 2149 2114 2192; x_wconf 85' lang='lat' dir='ltr'><strong>esse</strong></span> <span class='ocrx_word' id='word_1_104' title='bbox 2138 2144 2508 2212; x_wconf 78' lang='lat' dir='ltr'><strong>corporeum</strong></span> <span class='ocrx_word' id='word_1_105' title='bbox 2532 2170 2549 2195; x_wconf 90' lang='lat'><em>,</em></span> <span class='ocrx_word' id='word_1_106' title='bbox 2575 2120 2693 2209; x_wconf 80' lang='lat' dir='ltr'><strong>hy-</strong></span> 
     </span>
     <span class='ocr_line' id='line_1_16' title="bbox 669 2228 2690 2303; baseline -0.003 -7"><span class='ocrx_word' id='word_1_107' title='bbox 669 2232 773 2296; x_wconf 88' lang='lat' dir='ltr'><strong>len</strong></span> <span class='ocrx_word' id='word_1_108' title='bbox 814 2229 1003 2296; x_wconf 84' lang='lat' dir='ltr'><strong>etiam</strong></span> <span class='ocrx_word' id='word_1_109' title='bbox 1025 2277 1042 2301; x_wconf 85' lang='lat'><strong>,</strong></span> <span class='ocrx_word' id='word_1_110' title='bbox 1088 2228 1150 2293; x_wconf 89' lang='lat' dir='ltr'><strong>id</strong></span> <span class='ocrx_word' id='word_1_111' title='bbox 1185 2240 1317 2303; x_wconf 84' lang='lat' dir='ltr'><strong>est,</strong></span> <span class='ocrx_word' id='word_1_112' title='bbox 1352 2228 1681 2294; x_wconf 80' lang='lat' dir='ltr'><strong>materiam</strong></span> <span class='ocrx_word' id='word_1_113' title='bbox 1715 2231 1936 2296; x_wconf 88' lang='lat' dir='ltr'><strong>mundi</strong></span> <span class='ocrx_word' id='word_1_114' title='bbox 1973 2244 2351 2296; x_wconf 62' lang='lat' dir='ltr'><strong>coaeternam</strong></span> <span class='ocrx_word' id='word_1_115' title='bbox 2382 2250 2518 2292; x_wconf 82' lang='lat' dir='ltr'><strong>esse</strong></span> <span class='ocrx_word' id='word_1_116' title='bbox 2550 2247 2690 2291; x_wconf 88' lang='lat' dir='ltr'><strong>cum</strong></span> 
     </span>
     <span class='ocr_line' id='line_1_17' title="bbox 665 2333 2692 2420; baseline -0.004 -19"><span class='ocrx_word' id='word_1_117' title='bbox 665 2335 801 2402; x_wconf 85' lang='lat' dir='ltr'><strong>Deo</strong></span> <span class='ocrx_word' id='word_1_118' title='bbox 826 2345 1141 2407; x_wconf 80' lang='lat' dir='ltr'><strong>asserunt,</strong></span> <span class='ocrx_word' id='word_1_119' title='bbox 1173 2345 1238 2397; x_wconf 88' lang='lat' dir='ltr'><strong>et</strong></span> <span class='ocrx_word' id='word_1_120' title='bbox 1267 2333 1595 2398; x_wconf 80' lang='lat' dir='ltr'><strong>materiam</strong></span> <span class='ocrx_word' id='word_1_121' title='bbox 1623 2335 1879 2420; x_wconf 84' lang='lat' dir='ltr'><strong>quidem</strong></span> <span class='ocrx_word' id='word_1_122' title='bbox 1907 2337 2368 2401; x_wconf 85' lang='lat' dir='ltr'><strong>elementorum</strong></span> <span class='ocrx_word' id='word_1_123' title='bbox 2391 2382 2408 2406; x_wconf 89' lang='lat'><strong>,</strong></span> <span class='ocrx_word' id='word_1_124' title='bbox 2436 2354 2574 2420; x_wconf 79' lang='lat' dir='ltr'><strong>quae</strong></span> <span class='ocrx_word' id='word_1_125' title='bbox 2602 2342 2692 2394; x_wconf 87' lang='lat' dir='ltr'><strong>est</strong></span> 
     </span>
     <span class='ocr_line' id='line_1_18' title="bbox 674 2438 2688 2530; baseline -0.004 -23"><span class='ocrx_word' id='word_1_126' title='bbox 674 2440 806 2509; x_wconf 81' lang='lat' dir='ltr'><strong>sine</strong></span> <span class='ocrx_word' id='word_1_127' title='bbox 829 2439 1032 2505; x_wconf 83' lang='lat' dir='ltr'><strong>anima</strong></span> <span class='ocrx_word' id='word_1_128' title='bbox 1052 2489 1071 2515; x_wconf 86' lang='lat'>‚</span> <span class='ocrx_word' id='word_1_129' title='bbox 1101 2438 1541 2504; x_wconf 85' lang='lat' dir='ltr'><strong>irrationabilis</strong></span> <span class='ocrx_word' id='word_1_130' title='bbox 1577 2438 1852 2516; x_wconf 82' lang='lat' dir='ltr'><strong>scilicet,</strong></span> <span class='ocrx_word' id='word_1_131' title='bbox 1886 2465 2025 2530; x_wconf 82' lang='lat' dir='ltr'><strong>quae</strong></span> <span class='ocrx_word' id='word_1_132' title='bbox 2055 2440 2212 2505; x_wconf 84' lang='lat' dir='ltr'><strong>sacta</strong></span> <span class='ocrx_word' id='word_1_133' title='bbox 2249 2452 2346 2504; x_wconf 84' lang='lat' dir='ltr'><strong>est</strong></span> <span class='ocrx_word' id='word_1_134' title='bbox 2377 2461 2408 2502; x_wconf 86' lang='lat' dir='ltr'><strong>a</strong></span> <span class='ocrx_word' id='word_1_135' title='bbox 2434 2438 2563 2503; x_wconf 86' lang='lat' dir='ltr'><strong>Deo</strong></span> <span class='ocrx_word' id='word_1_136' title='bbox 2586 2458 2688 2524; x_wconf 86' lang='lat' dir='ltr'><strong>pa·</strong></span> 
     </span>
     <span class='ocr_line' id='line_1_19' title="bbox 659 2544 2685 2635; baseline -0.002 -25"><span class='ocrx_word' id='word_1_137' title='bbox 659 2558 753 2610; x_wconf 87' lang='lat' dir='ltr'><strong>tre</strong></span> <span class='ocrx_word' id='word_1_138' title='bbox 775 2568 890 2635; x_wconf 83' lang='lat' dir='ltr'><strong>per</strong></span> <span class='ocrx_word' id='word_1_139' title='bbox 919 2544 1148 2609; x_wconf 87' lang='lat' dir='ltr'><strong>Filium</strong></span> <span class='ocrx_word' id='word_1_140' title='bbox 1179 2567 1256 2610; x_wconf 83' lang='lat' dir='ltr'><strong>ex</strong></span> <span class='ocrx_word' id='word_1_141' title='bbox 1280 2544 1499 2618; x_wconf 85' lang='lat' dir='ltr'><strong>nihilo,</strong></span> <span class='ocrx_word' id='word_1_142' title='bbox 1537 2557 1606 2609; x_wconf 88' lang='lat' dir='ltr'><strong>ut</strong></span> <span class='ocrx_word' id='word_1_143' title='bbox 1627 2547 1824 2634; x_wconf 77' lang='lat' dir='ltr'><strong>possit</strong></span> <span class='ocrx_word' id='word_1_144' title='bbox 1858 2569 1992 2612; x_wconf 81' lang='lat' dir='ltr'><strong>esse</strong></span> <span class='ocrx_word' id='word_1_145' title='bbox 2032 2568 2170 2632; x_wconf 78' lang='lat' dir='ltr'><strong>qua:</strong></span> <span class='ocrx_word' id='word_1_146' title='bbox 2200 2557 2347 2610; x_wconf 87' lang='lat' dir='ltr'><strong>ante</strong></span> <span class='ocrx_word' id='word_1_147' title='bbox 2378 2564 2504 2607; x_wconf 87' lang='lat' dir='ltr'><strong>non</strong></span> <span class='ocrx_word' id='word_1_148' title='bbox 2535 2552 2685 2613; x_wconf 82' lang='lat' dir='ltr'><strong>erat.</strong></span> 
     </span>
     <span class='ocr_line' id='line_1_20' title="bbox 664 2643 2687 2739; baseline -0.002 -26"><span class='ocrx_word' id='word_1_149' title='bbox 664 2672 790 2714; x_wconf 91' lang='lat' dir='ltr'><strong>non</strong></span> <span class='ocrx_word' id='word_1_150' title='bbox 831 2650 916 2714; x_wconf 89' lang='lat' dir='ltr'><strong>ita</strong></span> <span class='ocrx_word' id='word_1_151' title='bbox 956 2647 1290 2736; x_wconf 81' lang='lat' dir='ltr'><strong>accipiunt.</strong></span> <span class='ocrx_word' id='word_1_152' title='bbox 1358 2648 1662 2739; x_wconf 81' lang='lat' dir='ltr'><strong>Spiritum</strong></span> <span class='ocrx_word' id='word_1_153' title='bbox 1697 2665 1904 2717; x_wconf 81' lang='lat' dir='ltr'><strong>autem</strong></span> <span class='ocrx_word' id='word_1_154' title='bbox 1946 2650 2256 2725; x_wconf 85' lang='lat' dir='ltr'><strong>hominis,</strong></span> <span class='ocrx_word' id='word_1_155' title='bbox 2294 2651 2359 2715; x_wconf 91' lang='lat' dir='ltr'><strong>id</strong></span> <span class='ocrx_word' id='word_1_156' title='bbox 2390 2662 2520 2722; x_wconf 85' lang='lat' dir='ltr'><strong>est,</strong></span> <span class='ocrx_word' id='word_1_157' title='bbox 2562 2643 2687 2710; x_wconf 85' lang='lat' dir='ltr'><strong>ani·-</strong></span> 
     </span>
     <span class='ocr_line' id='line_1_21' title="bbox 656 2753 2682 2843; baseline -0.002 -24"><span class='ocrx_word' id='word_1_158' title='bbox 656 2776 826 2819; x_wconf 84' lang='lat' dir='ltr'><strong>mam</strong></span> <span class='ocrx_word' id='word_1_159' title='bbox 877 2775 1005 2817; x_wconf 87' lang='lat' dir='ltr'><strong>non</strong></span> <span class='ocrx_word' id='word_1_160' title='bbox 1048 2753 1275 2818; x_wconf 84' lang='lat' dir='ltr'><strong>saetam</strong></span> <span class='ocrx_word' id='word_1_161' title='bbox 1327 2777 1359 2818; x_wconf 91' lang='lat' dir='ltr'><strong>a</strong></span> <span class='ocrx_word' id='word_1_162' title='bbox 1411 2756 1544 2819; x_wconf 88' lang='lat' dir='ltr'><strong>Deo</strong></span> <span class='ocrx_word' id='word_1_163' title='bbox 1596 2779 1709 2843; x_wconf 90' lang='lat' dir='ltr'><strong>per</strong></span> <span class='ocrx_word' id='word_1_164' title='bbox 1753 2756 2031 2831; x_wconf 88' lang='lat' dir='ltr'><strong>Filium,</strong></span> <span class='ocrx_word' id='word_1_165' title='bbox 2084 2757 2195 2821; x_wconf 78' lang='lat' dir='ltr'><strong>sed</strong></span> <span class='ocrx_word' id='word_1_166' title='bbox 2234 2757 2313 2820; x_wconf 90' lang='lat' dir='ltr'><strong>de</strong></span> <span class='ocrx_word' id='word_1_167' title='bbox 2353 2767 2517 2817; x_wconf 86' lang='lat' dir='ltr'><strong>terra</strong></span> <span class='ocrx_word' id='word_1_168' title='bbox 2556 2770 2682 2815; x_wconf 81' lang='lat' dir='ltr'><strong>esse</strong></span> 
     </span>
     <span class='ocr_line' id='line_1_22' title="bbox 652 2857 2665 2948; baseline -0.001 -27"><span class='ocrx_word' id='word_1_169' title='bbox 652 2857 827 2922; x_wconf 87' lang='lat' dir='ltr'><strong>aiunt</strong></span> <span class='ocrx_word' id='word_1_170' title='bbox 867 2880 882 2921; x_wconf 75' lang='grc' dir='ltr'>ε</span> <span class='ocrx_word' id='word_1_171' title='bbox 922 2858 1158 2921; x_wconf 88' lang='lat' dir='ltr'><strong>malum</strong></span> <span class='ocrx_word' id='word_1_172' title='bbox 1197 2870 1406 2922; x_wconf 86' lang='lat' dir='ltr'><strong>autem</strong></span> <span class='ocrx_word' id='word_1_173' title='bbox 1444 2858 1782 2946; x_wconf 82' lang='lat' dir='ltr'><strong>aliquando</strong></span> <span class='ocrx_word' id='word_1_174' title='bbox 1815 2884 1847 2925; x_wconf 89' lang='lat' dir='ltr'><strong>a</strong></span> <span class='ocrx_word' id='word_1_175' title='bbox 1885 2861 2059 2935; x_wconf 84' lang='lat' dir='ltr'><strong>Deo.</strong></span> <span class='ocrx_word' id='word_1_176' title='bbox 2101 2860 2437 2948; x_wconf 86' lang='lat' dir='ltr'><strong>aliquando</strong></span> <span class='ocrx_word' id='word_1_177' title='bbox 2465 2876 2594 2919; x_wconf 86' lang='lat' dir='ltr'><strong>esso</strong></span> <span class='ocrx_word' id='word_1_178' title='bbox 2632 2873 2665 2914; x_wconf 75' lang='lat' dir='ltr'><strong>a</strong></span> 
     </span>
     <span class='ocr_line' id='line_1_23' title="bbox 647 2962 2664 3048; baseline -0.001 -23"><span class='ocrx_word' id='word_1_179' title='bbox 647 2962 908 3026; x_wconf 86' lang='lat' dir='ltr'><strong>materia</strong></span> <span class='ocrx_word' id='word_1_180' title='bbox 943 2975 1246 3028; x_wconf 88' lang='lat' dir='ltr'><strong>asserunt.</strong></span> <span class='ocrx_word' id='word_1_181' title='bbox 1298 2962 1685 3029; x_wconf 84' lang='lat' dir='ltr'><strong>Salvatorem</strong></span> <span class='ocrx_word' id='word_1_182' title='bbox 1723 2977 1935 3031; x_wconf 86' lang='lat' dir='ltr'><strong>autem</strong></span> <span class='ocrx_word' id='word_1_183' title='bbox 1977 2967 2042 3031; x_wconf 87' lang='lat' dir='ltr'><strong>in</strong></span> <span class='ocrx_word' id='word_1_184' title='bbox 2082 2987 2271 3032; x_wconf 86' lang='lat' dir='ltr'><strong>carne</strong></span> <span class='ocrx_word' id='word_1_185' title='bbox 2307 2969 2529 3048; x_wconf 83' lang='lat' dir='ltr'><strong>negant</strong></span> <span class='ocrx_word' id='word_1_186' title='bbox 2570 2976 2664 3020; x_wconf 74' lang='lat' dir='ltr'><strong>se-</strong></span> 
     </span>
     <span class='ocr_line' id='line_1_24' title="bbox 644 3059 2664 3160; baseline -0.003 -27"><span class='ocrx_word' id='word_1_187' title='bbox 644 3068 796 3133; x_wconf 87' lang='lat' dir='ltr'><strong>dere</strong></span> <span class='ocrx_word' id='word_1_188' title='bbox 823 3068 903 3132; x_wconf 87' lang='lat' dir='ltr'><strong>ad</strong></span> <span class='ocrx_word' id='word_1_189' title='bbox 926 3066 1245 3132; x_wconf 86' lang='lat' dir='ltr'><strong>dexteram</strong></span> <span class='ocrx_word' id='word_1_190' title='bbox 1269 3069 1490 3144; x_wconf 84' lang='lat' dir='ltr'><strong>Patris,</strong></span> <span class='ocrx_word' id='word_1_191' title='bbox 1524 3069 1634 3135; x_wconf 85' lang='lat' dir='ltr'><strong>sed</strong></span> <span class='ocrx_word' id='word_1_192' title='bbox 1655 3072 2001 3160; x_wconf 78' lang='lat' dir='ltr'><strong>expoliasse</strong></span> <span class='ocrx_word' id='word_1_193' title='bbox 2022 3059 2271 3137; x_wconf 80' lang='lat' dir='ltr'><strong>earnem</strong></span> <span class='ocrx_word' id='word_1_194' title='bbox 2292 3078 2355 3132; x_wconf 85' lang='lat' dir='ltr'><strong>et</strong></span> <span class='ocrx_word' id='word_1_195' title='bbox 2380 3063 2664 3153; x_wconf 79' lang='lat' dir='ltr'><strong>posuisse</strong></span> 
     </span>
     <span class='ocr_line' id='line_1_25' title="bbox 651 3167 2668 3266; baseline -0.003 -27"><span class='ocrx_word' id='word_1_196' title='bbox 651 3173 716 3239; x_wconf 80' lang='lat' dir='ltr'><strong>in</strong></span> <span class='ocrx_word' id='word_1_197' title='bbox 765 3175 964 3240; x_wconf 85' lang='lat' dir='ltr'><strong>solem</strong></span> <span class='ocrx_word' id='word_1_198' title='bbox 1006 3173 1321 3240; x_wconf 83' lang='lat' dir='ltr'><strong>aestimant</strong></span> <span class='ocrx_word' id='word_1_199' title='bbox 1359 3198 1375 3240; x_wconf 90' lang='lat'><strong>:</strong></span> <span class='ocrx_word' id='word_1_200' title='bbox 1411 3175 1557 3263; x_wconf 88' lang='lat' dir='ltr'><strong>quia</strong></span> <span class='ocrx_word' id='word_1_201' title='bbox 1606 3175 1758 3254; x_wconf 77' lang='lat' dir='ltr'><strong>dixit</strong></span> <span class='ocrx_word' id='word_1_202' title='bbox 1805 3176 2158 3266; x_wconf 85' lang='lat' dir='ltr'><strong>Propheta,</strong></span> <span class='ocrx_word' id='word_1_203' title='bbox 2204 3195 2348 3241; x_wconf 86' lang='lat' dir='ltr'><strong>eum</strong></span> <span class='ocrx_word' id='word_1_204' title='bbox 2379 3167 2668 3237; x_wconf 84' lang='lat' dir='ltr'><strong>nesciant</strong></span> 
     </span>
     <span class='ocr_line' id='line_1_26' title="bbox 644 3272 2648 3366; baseline -0.002 -23"><span class='ocrx_word' id='word_1_205' title='bbox 644 3278 802 3366; x_wconf 88' lang='lat' dir='ltr'><strong>quid</strong></span> <span class='ocrx_word' id='word_1_206' title='bbox 847 3279 1072 3345; x_wconf 86' lang='lat' dir='ltr'><strong>dixerit</strong></span> <span class='ocrx_word' id='word_1_207' title='bbox 1108 3303 1124 3344; x_wconf 75' lang='grc' dir='ltr'><strong><em>ε</em></strong></span> <span class='ocrx_word' id='word_1_208' title='bbox 1160 3308 1188 3340; x_wconf 72' lang='grc' dir='ltr'><em>α</em></span> <span class='ocrx_word' id='word_1_209' title='bbox 1220 3280 1292 3344; x_wconf 87' lang='lat' dir='ltr'><strong>ln</strong></span> <span class='ocrx_word' id='word_1_210' title='bbox 1347 3281 1478 3343; x_wconf 79' lang='lat' dir='ltr'><strong>sole</strong></span> <span class='ocrx_word' id='word_1_211' title='bbox 1527 3280 1736 3366; x_wconf 79' lang='lat' dir='ltr'><strong>posuit</strong></span> <span class='ocrx_word' id='word_1_212' title='bbox 1788 3282 2272 3347; x_wconf 85' lang='lat' dir='ltr'><strong>tabernaculum</strong></span> <span class='ocrx_word' id='word_1_213' title='bbox 2313 3298 2500 3344; x_wconf 80' lang='lat' dir='ltr'><strong>suum</strong></span> <span class='ocrx_word' id='word_1_214' title='bbox 2533 3272 2581 3338; x_wconf 81' lang='lat'><strong>⁸.</strong></span> <span class='ocrx_word' id='word_1_215' title='bbox 2619 3299 2648 3333; x_wconf 72' lang='lat' dir='ltr'>n</span> 
     </span>
     <span class='ocr_line' id='line_1_27' title="bbox 637 3380 2667 3462; baseline -0.003 -12"><span class='ocrx_word' id='word_1_216' title='bbox 637 3384 1002 3452; x_wconf 81' lang='lat' dir='ltr'><strong>Paradisum</strong></span> <span class='ocrx_word' id='word_1_217' title='bbox 1034 3384 1341 3450; x_wconf 83' lang='lat' dir='ltr'><strong>visibilem</strong></span> <span class='ocrx_word' id='word_1_218' title='bbox 1374 3384 1691 3451; x_wconf 84' lang='lat' dir='ltr'><strong>affirmant</strong></span> <span class='ocrx_word' id='word_1_219' title='bbox 1731 3410 1810 3452; x_wconf 86' lang='lat' dir='ltr'><strong>ex</strong></span> <span class='ocrx_word' id='word_1_220' title='bbox 1838 3388 2131 3462; x_wconf 85' lang='lat' dir='ltr'><strong>Platone,</strong></span> <span class='ocrx_word' id='word_1_221' title='bbox 2166 3399 2231 3452; x_wconf 89' lang='lat' dir='ltr'><strong>et</strong></span> <span class='ocrx_word' id='word_1_222' title='bbox 2264 3383 2398 3450; x_wconf 78' lang='lat' dir='ltr'><strong>istis</strong></span> <span class='ocrx_word' id='word_1_223' title='bbox 2421 3380 2667 3460; x_wconf 69' lang='lat' dir='ltr'><strong>¹vanita—</strong></span> 
     </span>
     <span class='ocr_line' id='line_1_28' title="bbox 632 3474 2665 3580; baseline -0.002 -26"><span class='ocrx_word' id='word_1_224' title='bbox 632 3489 798 3556; x_wconf 84' lang='lat' dir='ltr'><strong>tibus</strong></span> <span class='ocrx_word' id='word_1_225' title='bbox 844 3491 1219 3566; x_wconf 57' lang='lat' dir='ltr'><strong>servientes„</strong></span> <span class='ocrx_word' id='word_1_226' title='bbox 1261 3502 1327 3554; x_wconf 88' lang='lat' dir='ltr'><strong>et</strong></span> <span class='ocrx_word' id='word_1_227' title='bbox 1362 3489 1601 3556; x_wconf 83' lang='lat' dir='ltr'><strong>animas</strong></span> <span class='ocrx_word' id='word_1_228' title='bbox 1643 3491 1972 3557; x_wconf 87' lang='lat' dir='ltr'><strong>hominum</strong></span> <span class='ocrx_word' id='word_1_229' title='bbox 2007 3495 2086 3557; x_wconf 90' lang='lat' dir='ltr'><strong>de</strong></span> <span class='ocrx_word' id='word_1_230' title='bbox 2127 3492 2270 3580; x_wconf 80' lang='lat' dir='ltr'><strong>igne</strong></span> <span class='ocrx_word' id='word_1_231' title='bbox 2324 3501 2387 3554; x_wconf 87' lang='lat' dir='ltr'><strong>et</strong></span> <span class='ocrx_word' id='word_1_232' title='bbox 2424 3474 2665 3575; x_wconf 77' lang='lat' dir='ltr'><strong>Spirit&#39;n</strong></span> 
     </span>
     <span class='ocr_line' id='line_1_29' title="bbox 630 3596 2664 3686; baseline 0 -29"><span class='ocrx_word' id='word_1_233' title='bbox 630 3616 765 3660; x_wconf 77' lang='lat' dir='ltr'><strong>esse</strong></span> <span class='ocrx_word' id='word_1_234' title='bbox 795 3597 1208 3669; x_wconf 49' lang='lat' dir='ltr'><strong>aestimantem</strong></span> <span class='ocrx_word' id='word_1_235' title='bbox 1245 3596 1363 3661; x_wconf 83' lang='lat' dir='ltr'><strong>isto</strong></span> <span class='ocrx_word' id='word_1_236' title='bbox 1387 3596 1702 3685; x_wconf 85' lang='lat' dir='ltr'><strong>baptismo</strong></span> <span class='ocrx_word' id='word_1_237' title='bbox 1736 3620 1862 3662; x_wconf 84' lang='lat' dir='ltr'><strong>nou</strong></span> <span class='ocrx_word' id='word_1_238' title='bbox 1895 3610 2187 3670; x_wconf 82' lang='lat' dir='ltr'><strong>utuntur,</strong></span> <span class='ocrx_word' id='word_1_239' title='bbox 2224 3606 2479 3686; x_wconf 72' lang='lat' dir='ltr'><strong>propter</strong></span> <span class='ocrx_word' id='word_1_240' title='bbox 2513 3613 2664 3666; x_wconf 76' lang='lat' dir='ltr'><strong>ver·</strong></span> 
     </span>
     <span class='ocr_line' id='line_1_30' title="bbox 629 3697 2664 3792; baseline -0.002 -26"><span class='ocrx_word' id='word_1_241' title='bbox 629 3698 783 3766; x_wconf 82' lang='lat' dir='ltr'><strong>bum</strong></span> <span class='ocrx_word' id='word_1_242' title='bbox 810 3701 975 3776; x_wconf 72' lang='lat' dir='ltr'><strong>hoe,</strong></span> <span class='ocrx_word' id='word_1_243' title='bbox 1013 3703 1186 3788; x_wconf 83' lang='lat' dir='ltr'><strong>quod</strong></span> <span class='ocrx_word' id='word_1_244' title='bbox 1216 3702 1370 3766; x_wconf 86' lang='lat' dir='ltr'><strong>dixit</strong></span> <span class='ocrx_word' id='word_1_245' title='bbox 1398 3702 1681 3767; x_wconf 81' lang='lat' dir='ltr'><strong>Joannes</strong></span> <span class='ocrx_word' id='word_1_246' title='bbox 1711 3704 1989 3792; x_wconf 80' lang='lat' dir='ltr'><strong>Baptista</strong></span> <span class='ocrx_word' id='word_1_247' title='bbox 2023 3726 2039 3769; x_wconf 72' lang='grc' dir='ltr'><strong><em>ε</em></strong></span> <span class='ocrx_word' id='word_1_248' title='bbox 2092 3733 2117 3763; x_wconf 73' lang='grc' dir='ltr'>ι</span> <span class='ocrx_word' id='word_1_249' title='bbox 2144 3704 2286 3790; x_wconf 85' lang='lat' dir='ltr'><strong>lpse</strong></span> <span class='ocrx_word' id='word_1_250' title='bbox 2320 3724 2425 3765; x_wconf 75' lang='lat' dir='ltr'><strong>vos</strong></span> <span class='ocrx_word' id='word_1_251' title='bbox 2445 3697 2664 3786; x_wconf 86' lang='lat' dir='ltr'><strong>bapti-</strong></span> 
     </span>
    </p>

    <p class='ocr_par' dir='ltr' id='par_1_8' title="bbox 608 3804 2661 3897">
     <span class='ocr_line' id='line_1_31' title="bbox 608 3804 2661 3897; baseline 0.001 -33"><span class='ocrx_word' id='word_1_252' title='bbox 608 3804 838 3870; x_wconf 67' lang='lat' dir='ltr'><strong>&#39;azabit</strong></span> <span class='ocrx_word' id='word_1_253' title='bbox 883 3804 947 3869; x_wconf 89' lang='lat' dir='ltr'><strong>in</strong></span> <span class='ocrx_word' id='word_1_254' title='bbox 977 3806 1217 3895; x_wconf 83' lang='lat' dir='ltr'><strong>Spiritu</strong></span> <span class='ocrx_word' id='word_1_255' title='bbox 1248 3817 1313 3871; x_wconf 85' lang='lat' dir='ltr'><strong>et</strong></span> <span class='ocrx_word' id='word_1_256' title='bbox 1340 3807 1481 3894; x_wconf 82' lang='lat' dir='ltr'><strong>igne</strong></span> <span class='ocrx_word' id='word_1_257' title='bbox 1505 3804 1551 3873; x_wconf 87' lang='lat'><strong>².</strong></span> <span class='ocrx_word' id='word_1_258' title='bbox 1571 3835 1596 3868; x_wconf 66' lang='grc' dir='ltr'><strong><em>ι</em></strong></span> <span class='ocrx_word' id='word_1_259' title='bbox 1643 3807 1751 3873; x_wconf 88' lang='lat' dir='ltr'><strong>Isti</strong></span> <span class='ocrx_word' id='word_1_260' title='bbox 1782 3810 2054 3897; x_wconf 84' lang='lat' dir='ltr'><strong>Angelos</strong></span> <span class='ocrx_word' id='word_1_261' title='bbox 2091 3808 2317 3874; x_wconf 88' lang='lat' dir='ltr'><strong>dicunt</strong></span> <span class='ocrx_word' id='word_1_262' title='bbox 2340 3816 2661 3876; x_wconf 63' lang='lat' dir='ltr'><strong>creatores</strong></span> 
     </span>
    </p>
   </div>
   <div class='ocr_carea' id='block_1_8' title="bbox 687 3933 1537 4005">
    <p class='ocr_par' dir='ltr' id='par_1_9' title="bbox 687 3933 1537 4005">
     <span class='ocr_line' id='line_1_32' title="bbox 687 3933 1537 4005; baseline 0.002 -13"><span class='ocrx_word' id='word_1_263' title='bbox 687 3954 701 3979; x_wconf 87' lang='lat'>⁸</span> <span class='ocrx_word' id='word_1_264' title='bbox 732 3939 857 3992; x_wconf 68' lang='lat' dir='ltr'><strong>Psal-</strong></span> <span class='ocrx_word' id='word_1_265' title='bbox 885 3957 1023 3993; x_wconf 79' lang='lat' dir='ltr'><strong>xvm.</strong></span> <span class='ocrx_word' id='word_1_266' title='bbox 1044 3944 1096 3992; x_wconf 86' lang='lat'><strong>6.</strong></span> <span class='ocrx_word' id='word_1_267' title='bbox 1116 3933 1219 3983; x_wconf 61' lang='lat'><strong>—3</strong></span> <span class='ocrx_word' id='word_1_268' title='bbox 1252 3945 1400 3995; x_wconf 73' lang='lat' dir='ltr'><strong>Marc.</strong></span> <span class='ocrx_word' id='word_1_269' title='bbox 1432 3959 1467 4005; x_wconf 83' lang='grc'><strong>1,</strong></span> <span class='ocrx_word' id='word_1_270' title='bbox 1487 3944 1537 3994; x_wconf 84' lang='grc'><strong>8.</strong></span> 
     </span>
    </p>
   </div>
  </div>
 </body>
</html>
