2982 4885
615 471 746 569 ¹7⁶
1289 488 1343 542 s.
1393 471 1658 544 menn
1703 466 1972 543 herim

598 623 911 705 quaestum
941 622 1019 678 ex
1041 620 1400 678 mercatura
1428 607 1692 689 faciunt.
1736 598 2296 694 Quemadmodum
2321 596 2492 681 enim
2512 595 2578 683 bi
2598 628 2638 682 ο

603 733 769 787 terra
799 729 1051 784 terrena
1093 716 1407 807 colligunt
1435 720 1656 794 lucra,
1688 720 1915 785 eodem
1948 718 2140 785 modo
2172 712 2261 787 illi
2300 717 2639 788 cordis‘sui

603 824 917 913 dispersas
942 822 1356 912 cogitationes
1378 845 1496 913 per
1516 822 1639 890 hoc
1662 823 1999 901 saeculum,
2026 825 2313 893 omnium
2334 824 2639 893 virtutum

600 926 915 994 beneficio
935 979 953 1005 ,
975 950 1045 994 ac
1072 925 1138 994 vi
1150 927 1421 1018 Spiritus
1444 930 1680 1007 sancti,
1710 930 2014 1019 colligunt
2036 954 2115 997 ex
2135 930 2424 997 universa
2448 944 2636 1006 terra,

599 1049 740 1122 qua
785 1046 883 1100 est
904 1033 1178 1099 maxima
1231 1056 1305 1100 ac
1361 1056 1510 1100 vera
1574 1035 1936 1125 negotiatio.
1987 1036 2260 1120 Mundus
2311 1035 2483 1101 enim
2534 1033 2644 1099 hic

598 1141 841 1207 mundo
865 1137 1178 1228 superiori
1207 1140 1612 1216 adversaturg
1656 1153 1720 1206 et
1757 1142 2075 1207 saeculum·
2096 1141 2219 1207 hoc
2258 1139 2488 1206 saeculo
2533 1160 2645 1204 su-

597 1245 835 1335 periori
877 1244 1241 1334 oppositum
1279 1255 1394 1311 est.
1432 1243 1703 1333 Oportet
1733 1246 1923 1336 igitur
1947 1246 2373 1314 Christianum
2412 1267 2645 1311 secun-

599 1354 755 1420 dum
785 1372 993 1417 sacras
1026 1348 1294 1418 Litteras
1330 1353 1644 1418 mundum
1691 1352 2110 1444 abnegantem
2158 1351 2517 1428 transferri,
2569 1372 2643 1417 ac

600 1467 814 1524 mente
852 1458 1304 1523 transcendere
1340 1480 1419 1523 ex
1460 1458 1587 1524 hoc
1621 1461 1852 1525 saeculo
1872 1508 1891 1534 ,
1934 1458 1999 1523 in
2031 1482 2158 1546 quo
2188 1470 2472 1524 versatur
2505 1454 2646 1520 ani-

598 1585 772 1647 mus,
807 1586 880 1630 ac
913 1563 1228 1630 illecebris
1263 1556 1611 1632 allicitur-zi
1634 1577 1922 1655 tempore
1956 1560 2463 1651 transgressionis
2490 1559 2643 1626 Adae

599 1670 665 1735 in
706 1672 978 1737 alterum
1025 1669 1368 1744 saeculum,
1417 1683 1482 1735 et
1515 1671 1843 1736 intellectu
1882 1670 1945 1733 in
1988 1668 2296 1756 superiori
2329 1690 2399 1732 ac
2433 1664 2643 1730 divino

594 1773 836 1838 mundo
865 1771 1097 1834 versari
1128 1793 1144 1833 ε
1173 1772 1336 1834 sicut
1368 1773 1614 1834 dictum
1644 1783 1740 1835 est
1770 1795 1784 1831 ε
1820 1796 1845 1829 ι
1869 1770 2098 1837 Nostra
2129 1784 2342 1834 autem
2369 1791 2645 1843 conver-

600 1872 804 1937 »satio
838 1872 903 1935 in
929 1870 1104 1934 coelis
1137 1870 1295 1935 est¹.
1329 1896 1354 1930 ι
2332 1874 2337 1877 ⁴

685 1975 763 2039 11.
819 1974 955 2038 Hoc
998 1982 1214 2037 autem
1243 1973 1420 2037 nullo
1452 1973 1646 2038 modo
1676 1972 1951 2038 obtineri
1987 1986 2232 2062 potest,
2272 1974 2392 2039 nisi
2431 1973 2646 2039 anima

597 2060 938 2145 crediderit
960 2099 1040 2142 ex
1076 2088 1209 2142 toto
1243 2078 1437 2142 corde
1463 2077 1773 2155 Domino,
1801 2076 1927 2144 hoc
1955 2080 2257 2145 saeculum
2283 2079 2639 2165 abnegans:

597 2199 664 2251 et
695 2184 889 2251 virtus
925 2183 1120 2249 divini
1154 2183 1423 2274 Spiritus
1446 2183 1743 2274 colligere
1763 2196 1971 2273 potest
2002 2207 2114 2249 cor
2137 2207 2252 2273 per
2282 2182 2642 2251 universam

595 2302 834 2357 terram
871 2290 1228 2378 dispersum
1255 2291 1335 2355 ad
1366 2289 1776 2354 dilectionem
1809 2288 2096 2364 Domini,
2136 2300 2201 2354 et
2231 2289 2297 2353 in
2330 2288 2639 2354 mundum

595 2410 905 2466 aeternum
948 2396 1344 2463 intellectum
1386 2392 1848 2461 traducere.'A
1892 2406 2180 2482 tempore
2224 2394 2395 2461 enim
2437 2406 2629 2461 trans-

597 2503 935 2594 gressionis
965 2501 1146 2578 Adae,
1176 2502 1474 2590 dispersae
1497 2513 1646 2567 sunt
1668 2523 1701 2565 a
1728 2500 2067 2565 dilectione
2090 2500 2205 2565 Dei
2229 2498 2637 2587 cogitationes

597 2612 822 2677 animae
854 2631 969 2698 per
999 2608 1125 2673 hoc
1151 2607 1455 2672 saeculum
1472 2656 1490 2682 ,
1520 2606 1878 2670 comniixtae
1903 2606 2126 2672 crassis
2151 2628 2223 2670 ac
2250 2606 2513 2671 terrenis
2538 2628 2638 2671 co·

596 2711 1025 2802 gitationibus.
1079 2708 1320 2775 Verum
1368 2710 1909 2794 quemadmodum
1962 2708 2167 2775 Adam
2219 2722 2633 2798 transgressus

595 2818 1005 2888 mandatum,
1069 2810 1454 2877 fermentum
1500 2812 1957 2878 malitiosarum
2001 2814 2410 2882 affectionum
2462 2816 2525 2881 in
2572 2838 2634 2881 se

597 2921 828 3011 recipit
854 2943 870 2986 x
904 2918 995 2982 sic
1025 2937 1282 3002 quoque
1312 2917 1796 3006 participatione
1822 2920 2128 3006 quadam,
2157 2921 2267 3008 qui
2301 2943 2381 2986 ex
2407 2942 2482 2986 eo
2506 2919 2632 2986 nati

596 3036 745 3092 sunt
767 3071 783 3103 ,
827 3044 898 3088 ac
934 3019 1302 3088 universum
1345 3044 1547 3111 genus
1589 3022 1943 3092 Adae-illius
1982 3025 2276 3092 fermenti
2323 3027 2634 3116 particeps

595 3129 836 3194 sactum
869 3137 1001 3201 ests
1036 3137 1338 3192 caeterum
1361 3138 1582 3215 postea
1611 3151 1727 3217 pro
1750 3131 1995 3204 ratione
2018 3131 2395 3198 incrementi
2416 3132 2481 3197 in
2504 3144 2636 3196 tan-

594 3247 733 3300 tum
764 3241 1216 3308 excreverunt,
1256 3244 1322 3297 et
1353 3233 1639 3299 adauctae
1671 3249 1823 3303 sunt
1856 3237 1920 3301 in
1951 3235 2316 3306 hominibus
2350 3236 2635 3304 affectio-

597 3361 709 3404 nes
732 3334 1015 3425 peccati,
1056 3348 1129 3401 ut
1153 3336 1235 3402 ad
1265 3336 1573 3403 adulteria
1602 3361 1826 3427 usque,
1862 3340 2187 3419 libidines,
2222 3341 2631 3417 idololatr-ias,

596 3432 799 3530 caedes
818 3491 835 3519 ,
876 3454 940 3508 et
973 3440 1092 3507 alia
1116 3440 1389 3510 absurda
1424 3444 1826 3523 devenerint,
1854 3447 2057 3516 donec
2079 3448 2230 3513 vitio
2259 3448 2635 3519 fermentata

594 3563 761 3616 esset
787 3548 1161 3616 humanitas.
1203 3548 1283 3614 Et
1315 3549 1379 3614 in
1414 3562 1661 3617 tantum
1692 3552 1971 3620 excrevit
1999 3555 2065 3620 in
2103 3553 2463 3621 hominibus
2493 3574 2634 3618 ma-

594 3656 775 3731 lum,
823 3668 894 3720 ut
939 3666 1241 3744 putarent
1286 3677 1495 3743 neque
1532 3656 1738 3723 Deum
1771 3682 1950 3735 esse3
1995 3683 2218 3726 verum
2256 3657 2632 3726 inanimatos

595 3761 835 3849 lapides
873 3761 1239 3836 adorarent,
1286 3782 1493 3850 neque
1542 3762 1872 3831 intellectu
1914 3767 2177 3854 quidem
2216 3767 2423 3836 Deum
2465 3785 2633 3832 com-

662 3953 680 3982 ·
707 3939 890 4008 Philip.
917 3957 998 4005 ιιι,
1035 3958 1115 3996 so.
