2982 4885
1218 599 1474 645 nonnas
1523 604 1621 646 xx.
2325 581 2449 671 167

492 701 596 785 lv.
647 703 727 782 Et
757 709 988 781 iterum
1009 761 1028 788 ,
1081 717 1625 803 quemadmodum
1659 716 1889 784 mulier
1916 714 2094 783 fluxu
2125 716 2448 808 sanguinis

402 809 699 892 laborans
730 842 881 888 cum
919 820 1212 888 crederet
1241 818 1371 887 fide
1410 845 1593 899 vera,
1642 836 1708 891 et
1735 817 2051 910 fimbriam
2078 822 2443 909 vestimenti

400 917 657 1028 Domini
687 925 1129 1017 contingeret,
1149 926 1360 993 statim
1391 928 1726 995 sanitatem
1755 940 2097 995 consecuta
2133 926 2311 1008 est¹,
2344 943 2446 997 at-

400 1059 526 1127 que
577 1034 932 1101 exsiccatus
992 1045 1088 1099 est
1137 1032 1346 1099 ssuxus
1403 1031 1634 1125 impuri
1687 1009 1879 1101 sontis
1927 1034 2303 1124 sanguinis·
2353 1036 2444 1118 sic

400 1139 608 1214 omnis
641 1140 847 1207 anima
876 1138 1212 1206 incurabili
1242 1141 1506 1207 vulnere
1539 1140 1785 1232 peccati
1813 1163 2138 1231 percussa,
2174 1159 2249 1209 ac
2269 1135 2447 1210 sonte

402 1247 848 1314 obscoenarum
877 1267 1343 1348 pravarumque
1379 1247 1839 1335 cogitationum
1868 1247 2180 1339 obrupta,
2216 1248 2268 1318 si
2301 1269 2444 1337 pro-

402 1375 612 1443 gressa
648 1354 730 1416 ad
762 1349 1088 1416 Christum
1137 1350 1454 1440 supplices
1505 1372 1726 1445 preces
1757 1349 2017 1427 fecerit,
2061 1353 2248 1441 eique
2296 1375 2446 1419 vere

404 1449 769 1530 crediderit,
806 1456 1139 1520 sanitatem
1172 1456 1514 1520 salutarem
1556 1453 2082 1541 consequiturab
2107 1449 2447 1523 incurabili

404 1555 580 1626 sonte
610 1558 1045 1632 affectionum,
1072 1569 1263 1654 atque
1294 1557 1649 1622 exsiccatur
1669 1558 1810 1623 sons
1843 1557 1949 1624 ille
1978 1558 2304 1638 deficiens,
2335 1559 2449 1649 qui

406 1662 768 1730 immundas
803 1660 1219 1751 cogitationes
1250 1659 1693 1749 ejaculabatnr
1710 1711 1731 1742 ‚
1760 1660 1994 1728 virtute
2017 1659 2210 1746 solius
2239 1660 2393 1748 Jesu
2425 1687 2446 1734 ε

407 1767 564 1835 alius
591 1789 743 1832 vero
773 1765 895 1833 hoc
924 1766 1154 1831 vulnus
1180 1788 1406 1831 curare
1426 1788 1687 1858 prorsus
1713 1764 1952 1858 nequit.
1984 1753 2255 1834 Tantam
2280 1766 2452 1838 enim

404 1894 662 1963 operam
695 1893 767 1938 ac
803 1871 1190 1961 diligentiam
1228 1859 1754 1938 adhibuit'hostis
1794 1871 1859 1936 in
1903 1870 2058 1938 Adae
2099 1885 2454 1964 transgres-

404 1981 610 2056 sione,
639 1992 711 2045 ut
740 1980 1101 2046 vulneraret
1133 2001 1204 2044 ac
1241 1977 1520 2045 tenebris
1545 1977 1906 2045 offunderet
1937 1977 2304 2047 interiorem
2327 1978 2453 2046 ho-

403 2085 666 2171 minem,
702 2097 981 2152 mentem
1006 2079 1310 2151 nimirum
1343 2083 1575 2150 ducem
1604 2083 1899 2162 hominis,
1938 2106 2079 2173 qum
2114 2076 2323 2151 Deum
2362 2084 2453 2151 in·

402 2192 721 2259 tuebatur.
756 2189 1197 2281 Respexerunt
1229 2213 1381 2279 ergo
1406 2190 1818 2279 postmodum
1847 2188 2019 2255 oculi
2043 2188 2183 2278 ejus
2206 2192 2288 2257 ad
2301 2189 2453 2260 vitia

404 2308 465 2361 et
498 2297 891 2370 affectiones,
927 2320 964 2359 a
995 2297 1180 2362 bonis
1212 2295 1580 2360 coelestibus
1599 2295 1858 2362 exclusi.

492 2396 566 2466 V.
621 2395 840 2465 Tantis
866 2395 1060 2486 igitur
1091 2395 1465 2473 vulneribus
1508 2396 1770 2463 affectus
1802 2409 1926 2472 est,
1953 2392 2307 2465 utnemini
2347 2398 2453 2471 ‹la-,-

390 2517 542 2585 ,t‘um
582 2503 664 2585 sit
691 2526 768 2567 ea
791 2523 1041 2577 curare,
1076 2500 1197 2567 nisi
1222 2500 1338 2567 soli
1369 2488 1669 2578 Domino,
1706 2501 1809 2567 cni
1846 2501 1960 2566 soli
1989 2502 2286 2591 possibile
2324 2514 2443 2568 est.

406 2611 549 2700 Ipse
595 2607 766 2673 enim
814 2605 1071 2673 veniens
1112 2605 1418 2673 «Sustulit
1463 2617 1730 2697 peccata
1780 2605 2119 2684 mundi²,»
2158 2605 2282 2675 hoc
2318 2620 2448 2687 est,

409 2712 730 2802 impurum
754 2700 945 2776 illum
998 2708 1234 2801 sontem
1287 2710 1743 2805 cogitationum
1806 2711 2032 2805 animae
2084 2708 2462 2783 exsiccavit-⁷

408 2818 968 2902 Quemadmodum
990 2816 1161 2884 enim
1193 2814 1482 2905 illa,⁸quae
1513 2817 1835 2907 sanguinis
1858 2816 2182 2913 profluvio
2193 2818 2449 2895 laborag

406 2925 537 3000 bat,
566 2946 712 2989 cum
745 2918 957 2987 omnia
984 2946 1095 2988 sua
1098 2921 1343 2988 bona
1326 2946 1390 2988 m
1412 2923 1697 2989 medicos
1731 2923 2178 3013 impendisset,
2207 2946 2238 2989 a
2272 2925 2452 2995 nullo

404 3016 617 3095 tamen
649 3050 874 3094 eorum
908 3039 1126 3094 curata
1155 3024 1331 3104 est⁸·
1367 3029 1575 3099 donee
1599 3050 1926 3119 progressa
1961 3030 2041 3095 ad
2071 3023 2448 3127 Dominum,

406 3147 468 3200 ct
497 3134 803 3201 credens'
785 3157 850 3200 m
873 3134 1161 3211 veritate,
1191 3132 1398 3223 tetigit
1425 3126 1747 3205 fimbriam
1778 3132 2136 3215 vestimenti
2167 3133 2338 3223 ejus·
2381 3144 2448 3203 et

408 3240 493 3331 sic
526 3262 674 3321 mox
697 3239 1030 3306 sanitatem
1062 3262 1129 3306 se
1161 3252 1570 3317 consecutam
1597 3262 1733 3309 esse
1757 3240 1976 3317 sensit,
2005 3260 2078 3308 ac
2110 3237 2286 3329 stetit
2304 3261 2449 3333 pro-

409 3324 671 3433 (invium
689 3340 1054 3434 sanguinis.
1092 3344 1180 3410 sic
1203 3368 1459 3435 quoque
1491 3344 1766 3411 animam
1794 3335 2238 3415 sauciatamab
2266 3341 2447 3412 initio

410 3452 669 3517 vulnere
689 3448 1024 3515 incurabili
1039 3436 1401 3515 vitiosarum
1424 3444 1857 3535 affectionum,
1884 3443 2098 3533 nullps
2115 3465 2235 3515 nec
2252 3443 2448 3533 justo-

410 3577 589 3633 rum,
623 3578 743 3623 nec
767 3567 1059 3645 patrum,
1092 3575 1215 3619 nec
1243 3551 1749 3645 Prophetarum,
1788 3574 1910 3621 nec
1940 3548 2450 3621 patriarcharum

414 3664 633 3769 curare
706 3662 887 3731 otuit.
2336 3695 2347 3707 ·

498 3760 601 3829 Vl.
720 3786 856 3831 oses
881 3744 1137 3869 quidem
1171 3766 1374 3855 venit
1409 3750 1522 3841 sed
1556 3761 1896 3833 sanitatem
1919 3724 2268 3860 perfectam
2298 3778 2450 3845 eqn-

434 3892 575 3935 erre
599 3868 901 3975 nequivit.
931 3870 1342 3981 Sacerdotes,
1376 3892 1679 3951 munera,
1708 3868 2196 3961 decimatione&
2227 3864 2450 3957 εὐδι-

485 4029 719 4084 ’.Ιεῑὼ
748 4045 819 4091 u,
846 4046 927 4081 ao.
945 4056 1006 4068 —
1032 4031 1221 4082 ·.Joon
1244 4048 1280 4093 ι,
1311 4048 1390 4098 ²9·
1412 4036 1522 4072 ...³
1549 4031 1726 4083 unuh.
1751 4045 1823 4092 ιι,
1848 4046 1931 4081 ao.
