2982 4885
763 459 894 535 ³20
1433 474 1481 520 ι.
1533 468 1796 521 uacum
1844 463 2109 516 aarum

761 593 1116 689 ot'reliqnas
1136 597 1400 665 virtutes
1429 592 1566 682 pari
1615 603 1853 658 conatu
1880 610 2006 692 non
2040 584 2392 661 incumbit,
2428 584 2550 654 sibi
2583 586 2661 655 ad
2688 609 2789 656 eas

763 711 890 780 vim
929 707 1240 781 inserens,
1290 722 1753 789 nonnunquam
1793 697 1909 788 ipsi
1943 719 2009 763 se
2044 695 2326 782 indulget
2356 696 2566 762 divina
2600 697 2791 787 gratia

766 813 1009 907 petenti
1057 825 1122 878 et
1171 808 1412 883 oranti3
1465 807 1672 871 bonus
1720 802 1958 892 quippe
2010 813 2075 865 et
2115 802 2393 866 clemens
2443 801 2614 868 Deus
2665 815 2792 878 est,

770 941 1138 1012 pronusque
1188 916 1268 981 ad
1325 912 1809 979 concedendum
1863 907 2288 997 flagitantibus
2340 931 2475 996 quae
2529 912 2793 985 volunt3

772 1027 919 1116 quia
949 1037 1163 1090 tamen
1191 1020 1330 1087 talis
1357 1041 1484 1088 non
1516 1016 1889 1106 praeparavit
1921 1037 1987 1080 se
2019 1015 2224 1103 ipsum
2245 1063 2263 1089 ,
2293 1036 2492 1101 neque
2513 1014 2805 1084 assuefe-

774 1133 863 1199 cit
889 1132 970 1197 ad
1003 1131 1179 1219 prius
1209 1137 1589 1192 memoratas
1623 1124 1917 1197 virtutes,
1955 1132 2064 1186 aut
2100 1118 2309 1208 perdit
2350 1119 2648 1206 gratiam,
2693 1131 2808 1184 aut

779 1235 1007 1323 accipit
1049 1245 1115 1299 et
1147 1230 1355 1306 cadit,
1400 1242 1510 1295 aut
1550 1251 1678 1293 non
1723 1225 2013 1317 proficit,
2059 1225 2124 1290 in
2170 1225 2529 1313 superbiam
2563 1225 2806 1298 elatus·

777 1341 1078 1433 quoniam
1108 1337 1420 1404 mandatis
1451 1334 1707 1401 Domini
1730 1356 1795 1400 se
1821 1335 2028 1424 ipsum
2052 1355 2131 1397 ex
2161 1330 2478 1421 proposito
2508 1351 2636 1393 non
2672 1342 2815 1393 tra-

784 1448 874 1514 dit
904 1458 1131 1513 totum.
1170 1443 1331 1509 Nam
1364 1440 1757 1507 domicilium
1801 1451 1867 1505 et
1895 1439 2148 1527 requies
2181 1436 2448 1526 Spiritus
2480 1434 2819 1501 humilitas

785 1563 914 1627 est,
958 1548 1230 1616 charitas
1261 1560 1392 1623 est,
1433 1547 1855 1614 mansuetudo
1887 1558 2018 1621 est,
2055 1556 2121 1609 et
2158 1555 2402 1607 caeterae
2433 1538 2818 1630 praescriptae

793 1680 827 1723 a
868 1655 1143 1722 Domino
1186 1653 1469 1719 virtutes.
1514 1651 1764 1717 Debent
1806 1651 1996 1737 igitur
2028 1649 2136 1734 qui
2182 1649 2399 1712 volunt
2446 1646 2509 1710 in
2556 1642 2819 1708 veritate

792 1762 1044 1849 placere
1073 1759 1208 1823 Deo
1242 1767 1308 1818 et
1336 1754 1626 1838 accipere
1656 1754 1734 1815 ab
1767 1753 1902 1836 ipso
1944 1753 2264 1814 coe‘lestem
2297 1749 2571 1834 gratiam
2600 1797 2620 1822 ,
2661 1769 2820 1812 cres·

791 1879 1169 1943 cerequeaeae
1197 1877 1263 1918 se
1291 1852 1598 1941 perficere
1622 1853 1685 1916 in
1723 1864 1941 1917 sancto
1976 1850 2248 1939 Spiritu,
2283 1850 2570 1937 primum
2600 1873 2818 1939 cogere

787 1983 853 2024 se
886 1960 1052 2046 ipsos
1074 1958 1155 2021 ad
1181 1956 1531 2020 exercenda
1556 1954 1762 2021 officia
1793 1954 2079 2020 omnium
2110 1954 2418 2018 virtutum
2439 2002 2457 2028 ,
2485 1968 2820 2040 quantum-

785 2063 876 2127 vis
917 2061 1267 2125 reluctante
1307 2059 1515 2123 animo
1545 2107 1564 2135 ,
1606 2060 1769 2125 sicut
1808 2060 2051 2125 dictum
2083 2071 2179 2125 est
2214 2083 2229 2123 :
2290 2086 2316 2120 ι
2350 2059 2689 2148 Propterea
2740 2063 2819 2127 ad

786 2165 1042 2233 »omnia
1088 2164 1386 2231 mandata
1427 2177 1537 2229 tua
1585 2163 1970 2254 dirigebar¹.
2020 2194 2045 2227 ι
2099 2165 2202 2229 Uti
2255 2164 2446 2229 enim.
2476 2166 2695 2252 aliquis
2741 2165 2822 2230 ad

790 2273 1331 2365 perseverandum,
1353 2270 1418 2334 in
1456 2270 1744 2335 oratione
1783 2269 1901 2335 sibi
1933 2270 2060 2335 vim
2091 2268 2285 2335 insert
2319 2293 2581 2357 seseque
2612 2271 2821 2358 cogit,

793 2401 994 2469 usque
1028 2378 1180 2442 dum
1214 2386 1386 2440 recte
1415 2373 1540 2440 hoc
1572 2397 1834 2439 munere
1867 2375 2206 2464 fungatur3
2234 2375 2315 2439 ita
2350 2376 2538 2440 debet
2564 2398 2627 2439 se
2651 2375 2825 2465 pari-

799 2500 898 2554 ter
936 2485 1017 2549 ad
1057 2492 1293 2547 cuncta
1327 2478 1577 2545 virtutis
1611 2480 1816 2545 officia
1850 2482 2270 2569 compellere,
2301 2481 2585 2569 urgendo
2616 2493 2678 2544 et
2709 2502 2828 2547 co-

710 2632 721 2645 2
804 2592 1010 2677 gendo
1044 2635 1064 2661 ,
1109 2586 1320 2674 quoad
1365 2608 1445 2650 ex
1482 2586 1941 2652 consuetudine
1976 2582 2221 2651 bonum
2265 2586 2564 2660 habitum,
2591 2600 2824 2675 paret:

799 2694 887 2758 sic
906 2692 1078 2756 enlm
1101 2692 1270 2775 quod
1292 2705 1766 2775 perseveranter
1788 2693 2042 2782 petierit
2064 2716 2100 2758 a
2121 2693 2395 2778 Domino
2419 2705 2829 2770 consecutus,

800 2801 983 2887 plena
1002 2795 1136 2882 jam
1164 2805 1229 2858 et
1251 2815 1472 2860 secura
1496 2798 1696 2885 optati
1719 2798 2111 2886 possessione
2125 2800 2431 2889 gaudebit
2458 2823 2475 2864 ε
2503 2811 2838 2865 crescente

762 2974 773 2983 ,
801 2903 1022 2989 utique
1045 2921 1119 2964 ac
1148 2896 1415 2993 florente
1447 2899 1514 2965 in
1536 2901 1670 2991 ipso
1692 2919 2159 2993 permanenter,
2193 2928 2379 2993 quam
2405 2908 2584 2971 anxie
2609 2917 2842 2992 postu-

800 3008 991 3083 lavit,
1042 3005 1241 3095 gratia
1283 3006 1589 3097 Spiritus3
1627 3013 1823 3100 gratia
1870 3035 2012 3101 quae
2064 3015 2329 3080 donatur
2367 3010 2511 3098 ipsi,
2551 3031 2848 3099 quaeque

801 3111 1140 3201 requiescit
1182 3113 1247 3178 in
1284 3112 1638 3181 humilitate
1676 3116 1868 3205 ipsius
1888 3167 1908 3195 ,
1948 3131 2017 3185 et
2057 3120 2123 3186 in
2152 3115 2404 3205 reliquis
2432 3114 2789 3182 virtutibus
2817 3166 2840 3193 ,

802 3231 868 3291 et
907 3218 1095 3284 docet
1135 3217 1340 3306 ipsum
1385 3240 1601 3284 veram
1630 3219 2052 3290 humilitatem
2086 3274 2106 3301 ,
2144 3244 2358 3290 veram
2403 3218 2790 3287 charitatem
2822 3270 2844 3297 ‚

803 3350 1020 3396 veram
1046 3321 1596 3392 mansuetudinem
1618 3374 1638 3402 ,
1677 3327 1757 3393 ad
1786 3350 1978 3416 quam
2010 3327 2457 3418 possidendam
2487 3350 2622 3393 sese
2650 3348 2847 3393 com-

806 3433 993 3521 pulit,
1015 3450 1333 3518 quamque
1357 3429 1537 3494 anxie
1560 3433 1859 3519 quaesivit.
1892 3435 1975 3500 Et
2000 3434 2091 3501 sic
2117 3448 2340 3501 auctus
2363 3436 2426 3501 in
2450 3433 2846 3524 profectum,

805 3548 871 3601 et
898 3536 983 3600 ad
1013 3534 1220 3621 ipsum
1254 3533 1657 3623 perfectionis
1697 3538 1762 3605 in
1788 3537 1924 3604 Deo
1955 3554 2205 3626 erectus
2239 3545 2521 3619 culmen,
2567 3540 2855 3608 haeredi-

806 3653 937 3706 tate
979 3640 1286 3707 coelorum
1323 3643 1503 3732 regni
1540 3644 1763 3732 dignus
1795 3659 2112 3713 censetur.
2153 3647 2424 3715 Humilis
2453 3647 2625 3713 enim
2661 3667 2850 3711 nun-

805 3768 997 3835 quam
1028 3747 1231 3824 cadit3
1264 3771 1393 3838 quo
1422 3750 1595 3841 enim
1618 3750 1872 3818 caderet
1894 3753 2002 3842 qui
2024 3753 2187 3821 infra
2211 3756 2424 3821 omnia
2454 3754 2591 3820 est?
2608 3750 2850 3839 Magna

808 3852 1103 3920 exaltatio
1146 3853 1470 3926 humilitas
1519 3866 1659 3936 θεῖς
1706 3879 1990 3929 summus
2033 3857 2294 3931 honoris
2346 3881 2503 3952 apex
2528 3908 2548 3937 ,
2589 3857 2851 3925 excelsa

844 4003 891 4048 -‚⁸
914 3988 1046 4051 Psal.
1070 4002 1243 4051 cxvm,
1269 3991 1381 4045 116.
