2982 4885
711 494 840 591 576
1504 504 1555 550 s.
1610 496 1961 548 fimas-run

801 715 955 772 cm.
1004 708 1318 767 nAEnsssls
1353 706 1446 757 DE
1478 705 1568 756 Eo
1603 702 1795 766 QUOD
1830 701 2103 754 mcwu
2137 700 2267 754 881·
2301 701 2478 755 cam
2515 722 2531 755 ε
2567 706 2658 762 TU

1346 800 1829 854 nommmzms
1867 798 2113 850 lLuth.

805 1002 977 1069 Sum·
1009 993 1286 1066 baeretici
1320 990 1636 1057 contraria
1667 989 2010 1054 sentientes
2048 988 2212 1054 libro
2245 988 2599 1068 Geneseos,
2629 1015 2749 1080 quo

713 1108 1023 1174 Dominus
1053 1100 1282 1167 dixerit
1310 1100 1389 1163 ad
1420 1095 1575 1160 Cain
1615 1118 1630 1158 ε
1676 1120 1699 1152 ι
1731 1093 2013 1159 Peccasti
2033 1095 2063 1157 Ρ
2095 1094 2376 1181 quiesce,
2413 1098 2494 1162 nd
2522 1109 2583 1161 te
2614 1120 2749 1161 con·

719 1244 744 1277 ι
765 1212 968 1279 versio
1001 1221 1146 1282 tna,
1179 1218 1244 1270 et
1279 1217 1348 1267 tu
1379 1200 1520 1287 ejus
1551 1197 2040 1263 dominaberis¹.
2069 1225 2095 1258 ι
2144 1200 2308 1263 Cum
2352 1201 2524 1265 enim
2560 1200 2745 1265 dicitt

733 1317 871 1385 «Tu
898 1314 1091 1405 ipsius
1121 1303 1603 1378 dominaberis.»
1638 1313 1862 1390 putant
1903 1304 2075 1389 quod
2105 1303 2335 1401 dixerit
2363 1303 2424 1368 ei
2457 1328 2475 1367 ε
2510 1303 2608 1368 Tu
2636 1303 2750 1369 eris

720 1420 1012 1488 dominus
1049 1412 1259 1480 fratris
1303 1409 1410 1474 tui.
1456 1408 1536 1473 Et
1566 1407 1849 1493 quamvis
1893 1407 1945 1473 si
1978 1407 2059 1472 ita
2095 1407 2238 1493 quis
2269 1407 2561 1481 senserit,
2606 1406 2751 1494 quin

720 1524 929 1613 major
959 1531 1112 1586 natu
1148 1527 1284 1581 erat
1314 1513 1470 1578 Cain
1505 1534 1695 1598 quam
1742 1508 1906 1576 Abel
1947 1512 2143 1583 frater
2185 1513 2351 1601 ejus,
2399 1513 2546 1601 quia
2586 1525 2650 1577 et
2691 1511 2748 1576 in

723 1637 890 1720 lege,
927 1625 1200 1713 majores
1232 1631 1385 1687 natu
1415 1629 1598 1682 erant
1632 1627 1696 1680 et
1728 1616 2004 1691 honore,
2051 1618 2112 1681 id
2152 1633 2281 1694 cst,
2318 1617 2746 1706 primogeniti,

725 1758 852 1804 non
888 1745 1100 1798 autem
1132 1728 1235 1793 hic
1261 1724 1415 1791 dicit
1450 1746 1466 1787 ε
1511 1720 1648 1787 «Tu
1686 1720 1825 1809 ejus
1868 1721 2327 1798 dominaberis,
2356 1750 2380 1782 ι
2420 1725 2601 1811 quasi
2640 1722 2751 1787 eris

729 1833 1238 1923 Dominnslejus,
1281 1831 1454 1918 quod
1493 1840 1588 1893 est
1618 1828 1683 1892 in
1719 1829 2015 1893 omnibus
2046 1830 2450 1894 contrarium.
2488 1829 2559 1893 Si
2589 1830 2751 1895 enim

725 1948 810 2011 ita
840 1954 1026 2025 esset,
1062 1939 1379 2025 quomodo
1409 1932 1602 1997 dabat
1627 1933 1689 1997 in
1713 1956 1861 1998 eum
1892 1933 2110 2000 mortis
2136 1934 2499 1998 sententiam
2525 1932 2757 1996 Domi·-

727 2073 882 2120 uus.
930 2047 1103 2134 quod
1160 2063 1346 2107 suum
1396 2038 1720 2103 occiderat
1768 2038 2029 2104 fratrem
2074 2041 2226 2104 sicut
2262 2038 2572 2125 scriptum
2612 2037 2756 2102 est?

726 2157 865 2224 Non
895 2175 1048 2241 ergo
1082 2150 1166 2216 ita
1190 2146 1354 2214 dicit*
1377 2146 1706 2233 Scriptura
1733 2145 2044 2211 dominari
2084 2146 2253 2211 illum
2292 2143 2470 2210 fratri
2498 2165 2622 2208 suo
2641 2191 2658 2216 .
2689 2154 2754 2208 ut

725 2283 876 2329 eum
898 2255 1307 2328 interficeret,
1328 2253 1440 2318 sed
1463 2250 1890 2316 dominaberis
1912 2250 2274 2339 cogitationi
2293 2262 2417 2315 tuae
2442 2248 2625 2313 malae
2648 2247 2749 2313 uti-

726 2385 1048 2456 que,⁴quae
1078 2359 1260 2425 estin
1292 2355 1554 2422 arbitrio
1586 2369 1719 2433 tuo,
1756 2367 1827 2418 ut
1848 2353 2163 2441 cujusque
2192 2353 2469 2419 hominis
2508 2348 2749 2418 arbitrio

730 2486 917 2560 atque
947 2471 1293 2540 voluntate,
1334 2475 1444 2528 aut
1472 2455 1774 2549 projiciat.
1799 2462 1878 2526 de
1910 2463 2103 2526 corde
2125 2483 2241 2524 suo
2266 2463 2501 2524 malam
2535 2458 2750 2546 cogita-

732 2580 968 2645 tionem
999 2572 1341 2637 immissam
1368 2591 1402 2652 a
1436 2558 1713 2640 diabolo,
1748 2575 1855 2630 aut
1890 2587 2019 2633 non
2061 2563 2497 2653 projiciendo,
2523 2562 2750 2628 crimen

729 2686 1010 2750 inem-rot
1044 2686 1425 2763 perpetuum
1453 2693 1470 2736 ε
1504 2682 1572 2734 ut
1596 2681 2029 2758 perscrutator
2051 2671 2220 2735 enim
2247 2670 2458 2735 cordis
2487 2680 2553 2733 et
2572 2663 2749 2733 animi

727 2785 999 2854 hominis
1022 2831 1039 2858 ,
1077 2754 1365 2844 Christus
1394 2775 1704 2842 Dominus
1743 2776 1995 2839 occulta
2036 2776 2231 2863 ipsius
2261 2775 2641 2863 praevidens,
2667 2793 2755 2836 ar-

730 2890 962 2981 guebat
993 2886 1167 2973 quod
1189 2882 1593 2972 cogitaverat,
1635 2890 1701 2944 et
1740 2880 2036 2948 monebat
2073 2903 2152 2945 ne
2182 2879 2416 2944 faceret
2445 2879 2594 2942 iuud
2621 2897 2755 2938 sce·

731 2995 914 3070 leris,
953 2992 1144 3079 inque
1178 2988 1300 3053 hoc
1347 2986 1513 3051 viam
1543 2984 1867 3073 parricidii
1902 2988 2133 3050 saeculo
2175 2985 2511 3051 seminaret.
2553 2977 2755 3056 Quod

715 3087 794 3166 ‘et
829 3100 893 3164 in
935 3094 1273 3184 Evangelio
1312 3092 1553 3157 dictum
1598 3102 1737 3155 est:
1775 3118 1800 3149 ι
1825 3089 1891 3155 Si
1932 3091 2127 3156 habes
2162 3092 2441 3155 adversus
2484 3083 2757 3147 fratrem

734 3236 759 3269 ι
777 3220 959 3273 tuum
990 3204 1180 3277 iram,
1212 3200 1404 3272 vade,
1432 3195 1844 3261 reconciliare
1865 3246 1882 3270 ‚
1913 3209 1979 3260 et
2008 3196 2098 3261 sic
2124 3206 2329 3284 postea
2358 3189 2588 3256 offeres
2620 3208 2759 3252 mu-

735 3336 899 3378 »nus
930 3309 1173 3377 tuum².
1198 3333 1224 3366 ι
1251 3306 1330 3369 Et
1360 3301 1561 3369 David
1592 3300 1812 3365 itidem
1845 3302 1932 3366 ait
1965 3324 1980 3365 t
2019 3297 2417 3366 «Irascimini
2468 3306 2532 3361 et
2567 3293 2759 3358 nolite

639 3400 643 3403 ⁴
732 3412 1078 3505 »peccare⁸
1106 3421 1166 3486 ,ἰ
1193 3411 1274 3475 Et
1301 3406 1409 3494 qui
1437 3407 1665 3472 modus
1698 3404 1799 3481 sit,
1850 3405 2226 3471 «Irascimini
2270 3415 2335 3467 et
2383 3400 2573 3467 nolite
2618 3416 2761 3485 pec-

734 3543 949 3596 »care,
986 3518 1162 3608 »ipse
1192 3511 1596 3599 subsequitur
1619 3509 1927 3576 disserens
1963 3511 2201 3589 :tQuoe
2225 3507 2435 3574 dicitis
2464 3506 2527 3570 in
2559 3500 2764 3568 cordi-

731 3652 756 3690 »
774 3625 896 3691 bus
929 3618 1179 3696 vestris,
1200 3621 1264 3684 et
1286 3617 1349 3682 in
1382 3617 1698 3682 cubilibus
1719 3616 1938 3710 vestris
1956 3609 2512 3704 compungimini‘.
2536 3636 2561 3669 ι
2590 3606 2763 3672 Salo-

729 3751 884 3794 mon
916 3728 1109 3794 etiam
1141 3748 1156 3790 ε
1200 3722 1306 3789 «Si
1337 3722 1689 3788 ascenderit
1722 3720 1976 3810 spiritus
2005 3719 2244 3784 inimici
2283 3712 2667 3782 dominantis
2701 3710 2766 3775 in

729 3848 859 3914 nte,
906 3857 988 3900 no
1041 3833 1152 3900 des
1196 3831 1256 3898 ei
1308 3832 1523 3897 locum
1568 3839 1642 3894 ut
1677 3829 1741 3893 in
1793 3833 1853 3893 te
1886 3809 2245 3892 habitet‘.»
2271 3823 2353 3888 Et
2393 3819 2759 3889 Dominus:

803 4029 819 4054 ι
851 4011 981 4064 Gen.
1009 4027 1079 4072 nv,
1105 4027 1221 4076 7.-
1246 4023 1267 4048 ·
1294 4005 1477 4061 naith.
1507 4021 1561 4064 v.
1586 4003 1744 4055 23.-
1768 4005 1790 4042 ⁵
1814 3983 1939 4058 Psoi.
1965 4016 2035 4054 iv.
2052 4024 2115 4039 -—
2133 4001 2152 4041 ⁴
2173 3994 2311 4049 lbid.
2328 4021 2392 4034 ·-
2417 3996 2436 4034 ⁸
2457 3987 2768 4053 teob-nt.
