2982 4885
1154 533 1410 580 nonnus
1457 534 1619 579 xxvi.
2295 488 2428 603 19‘7q

377 647 514 716 nihi
549 646 725 736 juvat
759 647 941 713 labor
983 648 1306 735 agricolam
1343 652 1595 739 nudum
1622 671 1838 716 semen
1871 649 2044 716 enim
2080 650 2411 737 subjacet:

382 753 507 822 hoc
533 754 798 820 transfer
827 754 906 817 ad
933 776 1032 817 res
1065 754 1440 841 spirituales.
1489 757 1554 821 Si
1584 781 1694 821 sua
1728 758 1930 822 solum
1966 755 2028 820 in
2054 757 2420 845 operatione

381 871 736 951 perseveret
756 858 948 924 homo
969 910 985 934 ,
1016 881 1130 923 nec
1163 860 1460 950 suscipiat
1484 861 1835 950 quidquam
1859 885 1891 926 a
1919 871 2140 927 natura
2171 885 2283 927 sua
2308 884 2424 928 ex-

383 978 674 1034 traneum
693 1014 711 1041 ,
731 988 858 1031 non
886 977 1092 1054 potest
1115 966 1356 1033 fructus
1390 968 1612 1055 dignos
1630 970 1903 1035 Domino
1930 970 2214 1035 reddere.
2248 968 2424 1049 Quid

382 1096 533 1162 ergo
565 1084 662 1138 est
694 1070 968 1153 bominis
999 1072 1330 1161 operatio?
1374 1072 1879 1150 Abrenuntiare‚
1916 1073 2131 1164 egredi
2177 1096 2256 1139 ex
2302 1073 2427 1139 hoc

382 1178 627 1245 mundo
650 1227 668 1253 ‚
705 1200 1108 1268 perseverare
1137 1178 1200 1242 in
1234 1179 1557 1256 oratione,
1590 1180 1884 1269 vigilare,
1917 1173 2179 1268 diligere
2217 1178 2425 1244 Deum

387 1304 462 1349 ac
498 1281 758 1357 fratres:
805 1282 929 1347 hoc
975 1282 1307 1372 proprium
1352 1296 1450 1349 est
1493 1284 1631 1371 ejus
1678 1285 2006 1351 sustinere.
2038 1283 2106 1350 Si
2129 1305 2280 1348 vero
2311 1305 2426 1349 sua

387 1390 594 1456 solum
639 1388 1005 1475 operatione
1051 1400 1389 1454 contentus
1430 1388 1545 1460 sit.
1598 1411 1715 1455 nec
1767 1411 1944 1477 spem
1988 1387 2201 1454 foveat
2255 1387 2431 1455 aliud

391 1491 715 1580 quippiam
740 1490 1158 1577 suscipiendi3
1189 1514 1395 1577 neque
1418 1492 1588 1557 venti
1621 1492 1892 1580 Spiritus
1925 1492 2126 1557 sancti
2150 1492 2432 1557 animam

398 1591 745 1659 amaverint
756 1617 775 1666 ς
801 1594 901 1657 vel
936 1594 1310 1659 emerserint
1339 1595 1543 1658 nubes
1572 1596 1887 1672 coelestes,
1924 1617 2001 1658 ac
2035 1592 2435 1679 descenderit

393 1720 430 1763 e
472 1694 914 1785 coelopluvia,
960 1708 1025 1761 et
1069 1695 1290 1785 irriget
1337 1694 1655 1773 animam,
1704 1696 1923 1786 nequit
1961 1696 2155 1764 homo
2188 1695 2433 1764 fructus

398 1801 620 1891 dignos
650 1802 918 1866 reddere
946 1800 1243 1866 Domino.
1504 1818 1511 1821 “

482 1904 634 1975 XX.
685 1896 1012 1995 Scriptum
1044 1907 1255 1996 itaque
1288 1921 1382 1973 est
1411 1932 1426 1971 ε
1471 1933 1497 1967 ι
1521 1906 1813 1997 Agricola
1849 1929 1999 1975 cum
2029 1904 2262 1972 viderit
2294 1906 2438 1996 pal·-

396 2000 689 2105 s'mitem,
722 2011 1033 2078 serentem
1068 2012 1376 2092 fructum,
1411 2025 1642 2104 purgat
1677 2037 1867 2090 eum3
1906 2024 1976 2083 ut
2016 2012 2441 2102 copiosiorem

398 2118 721 2185 »fructum
771 2117 1034 2185 afferat:
1095 2131 1160 2186 at
1201 2142 1338 2186 non
1379 2120 1693 2195 serentem
1738 2119 2021 2187 fructum
2070 2118 2314 2193 evellit,
2370 2125 2442 2183 et

400 2226 955 2291 »comburendum
988 2222 1236 2289 trudit¹.
1271 2252 1295 2283 ι
1325 2224 1781 2290 Verumtamen
1825 2225 1949 2292 hoc
1980 2222 2309 2289 hominem
2357 2221 2441 2287 do

396 2341 500 2394 cet
519 2376 536 2403 ‚
567 2339 640 2390 ut
658 2374 675 2401 ‚
712 2326 840 2389 sive
870 2326 1116 2411 jejunet
1134 2376 1151 2402 ,
1178 2326 1308 2391 sive
1338 2327 1588 2415 vigilet,
1617 2329 1746 2393 sive
1768 2340 2069 2416 precetur
2088 2375 2103 2400 .
2130 2327 2260 2421 sive
2281 2325 2443 2392 boni

398 2431 558 2523 quid
609 2429 831 2504 saciat,
892 2422 1124 2493 cuncta
1169 2427 1445 2493 Domino
1495 2429 1802 2504 ascribat,
1847 2431 1946 2495 his
1978 2430 2188 2496 verbis
2246 2450 2437 2493 usus:

417 2536 777 2606 «NisiDeus
795 2534 1270 2601 corroborasset
1288 2555 1426 2608 me,
1455 2555 1585 2597 non
1611 2531 1954 2622 potuissem
1971 2530 2299 2619 jejunare,
2336 2542 2449 2599 aut

383 2640 684 2760 precari,
734 2650 843 2705 aut
885 2661 964 2705 ex
1008 2638 1131 2704 hoc
1167 2638 1409 2703 mundo
1455 2636 1692 2726 egredi.
1725 2664 1751 2698 ι
1784 2635 2018 2724 Sicque
2058 2636 2230 2703 Deus
2275 2632 2447 2702 bona

406 2739 596 2824 aidini
627 2745 720 2810 tui
751 2744 1099 2812 intentione
1128 2755 1512 2833 conspectu,
1539 2741 1844 2808 nimirum
1877 2753 1940 2806 te
1969 2763 2074 2817 en,
2104 2755 2245 2829 quae
2266 2750 2450 2808 natu·

403 2851 520 2919 ruli
560 2849 861 2918 instinctu
908 2849 1191 2940 peragis,
1231 2849 1367 2916 Deo
1400 2847 1755 2923 ascribere,
1796 2846 1928 2936 ipse
1963 2845 2241 2912 vicissim
2293 2868 2445 2922 sua,

405 2956 747 3048 spiritualia
805 2979 1037 3046 nempe
1060 3005 1079 3031 ,
1131 2952 1351 3022 ⁴divina
1404 2966 1471 3020 et
1522 2954 1797 3022 coelestia
1817 3003 1837 3030 ,
1902 2951 2015 3020 tibi
2068 2952 2205 3021 haec
2252 2950 2452 3042 largi-

404 3076 512 3131 tur
531 3063 628 3153 (4)
664 3085 680 3127 2
709 3085 850 3152 quae
877 3084 1027 3127 vero
1058 3073 1206 3128 sunt
1236 3045 1386 3128 illa?
1414 3058 1664 3127 fructus
1696 3058 1966 3162 Spiritus
1984 3106 2006 3134 ‚
2046 3056 2353 3130 exultat&
2382 3066 2452 3127 et

399 3159 639 3237 loetitia.
1419 3167 1436 3184 ⁸

1149 3341 1700 3437 annaneane.

497 3585 679 3653 XXI.
737 3582 994 3650 Verum
1032 3599 1186 3644 cum
1234 3579 1488 3666 fruetus
1541 3575 1878 3641 naturales
1912 3573 2050 3639 sint
2096 3572 2338 3643 'aarum
2368 3577 2460 3644 εἰ·
2542 3566 2559 3581 ’

409 3663 639 3767 ‘milen
674 3688 836 3775 fides
867 3686 1207 3753 nimirum
1245 3698 1306 3749 οε
1344 3680 1670 3769 precatio,
1716 3677 1993 3750 edissero
2032 3677 2258 3759 nobis,
2296 3704 2462 3766 quo-

417 3788 614 3856 modo
633 3812 700 3855 so
731 3789 1013 3857 habeant
1041 3790 1424 3873 naturalia,
1456 3802 1518 3856 ot
1554 3784 1881 3882 quomodo
1908 3783 2350 3874 spiritualia?

491 3963 508 3989 ¹
543 3948 692 4001 loon.
714 3962 794 4004 xv,
821 3963 866 3998 ι.
