2982 4885
888 539 1071 585 usn
1114 540 1195 584 nr.
1240 539 1604 586 mammas.
2140 525 2270 613 493

362 739 560 823 yvttt.
598 735 913 789 nAEnBsts
947 737 1038 785 DE
1075 738 1285 787 moto
1321 736 1609 786 uoLocu
1651 736 1739 786 ΕΤ
1778 739 2134 794 ultumum.

318 911 478 974 Ama
510 920 607 974 est
638 907 893 972 haeresis
923 907 987 971 iu
1010 905 1274 981 Judaeis,
1303 910 1383 970 de
1405 929 1529 993 qua
1554 906 1864 973 Dominus
1887 911 2267 997 prophetans

232 1013 569 1077 incusabat
599 1012 779 1088 eos',
815 1014 1021 1099 deque
1050 1035 1120 1077 ea
1151 1012 1374 1077 beatus
1406 1010 1767 1100 Stephanus
1799 1028 2040 1103 martyr
2074 1016 2270 1083 incre-

236 1120 426 1205 pabat
474 1119 691 1183 dicens
720 1139 735 1181 ε
760 1144 785 1177 ι
811 1117 1133 1204 Numquid
1173 1116 1640 1181 immolationes
1686 1129 1751 1182 et
1782 1119 2088 1186 sacrificia
2116 1121 2269 1188 mihi

236 1250 260 1281 n
281 1222 342 1286 in
371 1224 620 1288 deserto
641 1223 1052 1310 quadraginta
1074 1221 1252 1286 annis
1268 1220 1607 1296 obtulistis,
1629 1223 1857 1288 domus
1880 1224 2095 1301 lsrael,
2118 1226 2272 1293 dicit
2349 1238 2352 1243 “

230 1355 251 1383 »
277 1326 583 1389 Dominus
612 1324 1053 1413 omnipotens?
1084 1344 1150 1390 et
1189 1346 1360 1389 nunc
1399 1324 1758 1412 suscepistis
1789 1327 2268 1396 tabernaculum

230 1461 253 1488 ι»
276 1429 526 1495 Moloch
556 1442 813 1505 vestrm
851 1442 916 1493 et
954 1429 1125 1493 sidus
1155 1429 1270 1494 Dei
1299 1428 1655 1517 Remphan,
1697 1427 1931 1496 formas
1968 1430 2266 1500 fictorum

234 1564 256 1591 ι
281 1535 596 1599 idolorum
652 1532 1091 1621 sculptilium?
1146 1532 1412 1620 Propter
1467 1534 1640 1619 quod
1699 1532 1852 1598 dicit
1919 1534 2265 1614 Dominus,

238 1671 261 1699 »
285 1638 832 1726 transmigratione
847 1661 954 1701 vos
966 1636 1191 1702 saciam
1208 1636 1508 1725 captivari
1528 1638 1590 1702 in
1611 1638 2058 1727 Babylonis²‚»
2078 1654 2265 1728 atque

225 1734 595 1819 Persaruui,
642 1757 706 1809 et
748 1742 1046 1808 interiora
1070 1744 1208 1808 loca
1255 1743 1374 1809 alia
1422 1755 1487 1807 et
1525 1744 1731 1820 arida,
1763 1759 1827 1811 et
1857 1744 1922 1812 in
1945 1759 2263 1834 postrema

225 1863 538 1916 terrarum
570 1847 880 1914 omnium.

704 2041 857 2093 XIX.
895 2040 1210 2093 nAEnEsts
1245 2041 1336 2092 nl?-
1368 2043 1504 2095 Ana
1537 2044 1839 2097 Tot’nET.

220 2302 221 2305 ,
325 2242 496 2305 Sum
529 2250 593 2302 et
623 2236 733 2323 qui
764 2257 934 2300 aram
965 2239 1347 2301 collocantes
1372 2237 1454 2300 ita
1481 2238 1717 2304 dictam
1739 2241 1990 2326 Tophet
2013 2248 2269 2314 nomine

237 2340 506 2427 alicujus
551 2339 617 2403 in
662 2341 822 2403 valle
867 2336 981 2401 filii
1025 2339 1278 2413 Ennon,
1325 2339 1559 2402 ibidem
1602 2363 1749 2404 suos
1795 2341 1979 2419 filios,
2015 2359 2080 2410 et
2112 2346 2270 2414 filias

237 2449 443 2515 «ludaei
493 2444 819 2513 daemoniis
866 2442 1303 2510 immolabant.
1355 2444 1450 2509 De
1494 2445 1724 2531 quibus
1767 2447 1920 2513 dicit
1960 2449 2269 2520 Dominus

240 2577 352 2644 per
381 2552 757 2642 prophetam
786 2550 1220 2617 Ezechielem:
1245 2548 1452 2614 «Ecce
1482 2549 1572 2613 mi
1595 2550 1894 2626 hominis,
1935 2553 2079 2620 vide
2109 2555 2266 2644 quid

246 2688 270 2718 ι
290 2659 440 2724 facit
473 2659 746 2745 populus
776 2656 966 2721 Israel
992 2678 1007 2719 :
1044 2655 1162 2719 iste
1193 2652 1353 2718 filios
1382 2667 1447 2719 et
1479 2654 1638 2720 filias
1670 2678 1814 2720 suas
1851 2656 1913 2721 in
1945 2660 2106 2725 valle
2138 2661 2266 2727 Το-

240 2763 439 2850 uphet
467 2763 754 2827 immolat
790 2761 1149 2836 daemoniis,
1192 2759 1422 2849 quihus
1456 2783 1575 2849 ego
1605 2783 1733 2825 non
1771 2762 2064 2831 mandavi
2099 2764 2264 2833 hanc

240 2896 267 2924 n
286 2870 494 2932 facere
522 2866 920 2952 iniquitatem
944 2866 1009 2931 in
1031 2867 1221 2932 lsrae'l
1251 2865 1548 2954 populo⁸.
1571 2894 1598 2926 ι

954 3073 1070 3124 XX.
1110 3073 1549 3125 PUTEOMTAE.

316 3221 696 3328 ffunoarrm
730 3271 879 3322 sunt
904 3255 1013 3343 qui
1043 3237 1270 3344 puteos
1302 3256 1552 3328 colunt,
1603 3254 1666 3318 in
1698 3257 1896 3318 altum
1931 3254 2262 3325 fodientes.

231 3369 435 3454 deque
467 3369 558 3433 eis
589 3364 983 3435 haurientes,
1018 3363 1196 3446 quasi
1234 3385 1460 3447 aquam
1497 3359 1714 3425 salutis
1747 3359 1810 3423 in
1841 3381 1912 3423 ca
1945 3372 2268 3457 sperantes

232 3473 541 3561 aliquam,
584 3494 730 3538 cum
774 3469 944 3535 dicat
977 3465 1286 3529 Dominus
1325 3487 1438 3551 per
1473 3465 1854 3552 prophetam
1897 3467 2262 3532 monendo:

247 3609 271 3639 α
290 3581 389 3647 Me
409 3580 889 3664 dereliquerunt
903 3572 1140 3636 sontem
1156 3590 1332 3656 aqum
1353 3568 1531 3640 vivre,
1549 3581 1614 3631 et
1634 3571 1931 3635 foderunt
1954 3572 2073 3637 sibi
2094 3574 2269 3640 lacus

238 3686 575 3757 »dett-itm,
614 3681 739 3768 qui,
764 3701 901 3744 non
936 3686 1202 3765 possunt
1245 3693 1475 3761 capere
1526 3693 1750 3756 aquam
1798 3675 2132 3741 salutarem
2152 3677 2197 3743 ⁴.
2225 3707 2252 3740 ι

217 3788 432 3866 ,Quod
483 3808 636 3874 ergo
689 3794 832 3848 anto
882 3779 1135 3845 dicebat
1178 3800 1292 3866 per
1344 3773 1753 3864 prophetam,
1809 3775 1874 3840 in
1917 3801 2025 3841 sua
2059 3780 2264 3850 diviua

302 3956 319 3977 .
348 3943 520 3995 Amos,
544 3956 615 3994 ῃ,
636 3939 719 3989 26,
743 3964 806 3977 ...
825 3948 850 3976 s
876 3937 986 3988 Act.
1015 3948 1105 3995 m,
1125 3932 1207 3990 Aa,
1224 3930 1310 3991 43.
1332 3934 1437 3971 -3
1460 3928 1638 3981 Ezech-
1659 3943 1774 3985 vm.
1797 3936 1846 3982 et
1866 3927 2055 3982 'erem-
2076 3948 2163 3992 vu,
2188 3952 2269 4005 u,

200 4037 294 4067 ⁶..-
326 4029 343 4064 4
367 4024 553 4076 jerem.
571 4039 636 4082 ΙΙ,
660 4020 738 4071 13.
