2982 4885
1014 561 1020 571 -
1042 541 1122 584 ns
1169 540 1555 586 enanis-arn.
2195 523 2322 612 387

296 677 440 723 cum
476 678 555 722 eo
599 656 952 723 Divinitatis
996 656 1354 744 impertitus
1385 653 1625 743 Spiritu
1654 654 1873 730 fuerit,
1909 669 1982 723 ut
2009 659 2096 726 ait
2126 661 2206 726 de
2235 673 2345 729 tit-⁷

293 761 457 828 libus
476 763 746 848 loquens
767 760 1012 826 (livinus
1029 761 1368 849 Apostolus
1402 782 1468 823 :n
1486 758 1933 847 spiritualibus
1976 764 2324 851 spiritualia

291 893 315 928 s
337 879 776 954 comparantes
789 891 808 941 3
832 865 1117 930 animalis
1135 877 1348 930 autem
1371 864 1565 930 homo
1583 886 1710 928 non
1729 866 1998 955 percipit
2016 891 2154 955 quae
2176 884 2326 936 sunt

291 970 604 1060 »Spiritus
634 970 772 1036 Dei.
813 970 1091 1035 Stultitia
1129 971 1301 1035 enim
1323 983 1418 1035 est
1450 969 1581 1055 itli3
1619 968 1958 1056 spiritualis
1989 986 2197 1039 autem
2222 975 2327 1062 ju-

288 1077 502 1142 »dicat
526 1076 740 1140 omnia
770 1099 786 1140 ε
814 1084 877 1139 et
903 1076 1035 1164 ipse
1067 1097 1100 1139 a
1134 1076 1391 1140 nemine
1418 1072 1803 1162 judicatur¹.
1836 1101 1862 1135 ι

375 1181 612 1247 XXIV.
636 1180 780 1247 Non
805 1181 987 1245 aliter
1010 1180 1309 1267 cuiquam
1341 1179 1713 1265 contingere
1744 1179 2115 1247 sanctissimi
2139 1183 2332 1271 hujus

290 1284 562 1374 Spiritus
594 1285 992 1376 participatio
1022 1297 1254 1375 potest,
1283 1307 1473 1373 quam
1515 1284 1564 1348 si
1594 1286 1780 1371 plane
1811 1289 2179 1377 peregrinus
2207 1288 2332 1357 sac·

291 1402 393 1455 tus
436 1390 592 1456 huic
637 1393 869 1455 saeculo
890 1438 908 1464 ,
943 1402 1150 1455 totum
1182 1414 1249 1454 se
1285 1389 1541 1454 addicat
1587 1390 1976 1476 inquisitioni
2007 1394 2353 1462 charitatis*²

199 1490 212 1501 ’
295 1494 569 1567 Christi;
606 1495 690 1558 ita
724 1507 798 1559 ut
840 1495 1166 1581 omnibus¹
1189 1517 1330 1581 quae
1372 1494 1541 1559 circa
1581 1492 1914 1559 materiam
1962 1511 2332 1576 versantur,

298 1599 467 1664 euris
504 1601 747 1663 solutus
784 1599 1033 1662 animus
1062 1647 1078 1670 .
1117 1582 1222 1662 uni
1268 1598 1416 1664 huic
1463 1602 1857 1686 assequendo
1902 1624 2096 1689 scopo
2127 1617 2332 1683 vacet,

296 1725 424 1790 quo
458 1703 547 1768 sic
583 1703 808 1791 dignus
833 1701 942 1768 fiat
974 1704 1036 1768 in
1078 1725 1278 1769 unum
1312 1726 1462 1773 cum
1494 1704 1748 1769 Christo
1773 1707 2130 1772 coalescere
2153 1710 2337 1799 spiri-

292 1820 455 1886 tum,
493 1823 564 1874 ut
586 1811 673 1874 ait
696 1811 1042 1897 Apostolus
1070 1833 1085 1874 :
1129 1836 1154 1869 α
1178 1806 1306 1888 Qui
1332 1810 1612 1874 adhaeret
1648 1810 1923 1875 Domino
1956 1835 2121 1877 unus
2151 1815 2340 1901 spiri-

290 1928 438 1981 stus
470 1912 627 1981 est&
660 1943 687 1977 s
711 1915 957 1980 Animae
984 1936 1133 1979 vero
1149 1937 1290 2002 quae
1313 1915 1578 1979 omnino
1604 1914 1880 2002 cuipiam
1913 1939 2125 1982 rerum
2144 1918 2337 2007 hujus

289 2020 505 2087 saeouli
552 2018 758 2086 defixa
799 2032 932 2094 est,
974 2032 1083 2085 aut
1120 2020 1184 2084 in
1218 2042 1360 2085 eam
1405 2018 1642 2084 affectu
1683 2020 1894 2108 aliquo
1935 2024 2333 2112 propendet3

288 2140 445 2216 puta
480 2127 735 2202 divitiis,
773 2126 1008 2215 gloriae,
1046 2140 1154 2192 aut
1182 2125 1474 2191 amicitiae
1506 2127 1867 2196 mundanae,
1904 2131 2173 2196 nouerit
2195 2155 2336 2220 pos*

292 2233 473 2297 sibile
507 2232 725 2318 sugere
744 2278 763 2304 ,
791 2243 855 2293 et
887 2229 1266 2314 trajiciendo
1296 2248 1714 2317 perrumpere
1743 2232 2038 2296 tenebras
2065 2235 2328 2303 diaboli—

299 2356 520 2401 carum
566 2345 971 2422 potestatum.

381 2438 587 2507 XXV.
645 2437 944 2505 Veritatis
1003 2448 1069 2501 et
1117 2436 1232 2502 Dei
1284 2447 1568 2500 amantes
1622 2435 1879 2510 animae,
1942 2460 2023 2502 ne
2080 2439 2336 2509 brevem

294 2547 551 2635 quidem
598 2542 1130 2610 intermissionem
1177 2540 1514 2605 admittere
1566 2538 1878 2604 sustinent
1929 2544 2159 2612 amoris
2207 2567 2359 2634 quo*-

295 2675 441 2740 erga
474 2640 822 2716 Dominum
853 2647 1157 2735 flagrant3
1187 2647 1297 2710 sed
1323 2656 1469 2709 totae
1497 2667 1577 2710 ex
1602 2657 1733 2710 toto
1760 2647 1935 2711 cruci
1964 2647 2154 2734 hujus
2187 2673 2335 2721 con·

295 2756 470 2832 fixae,
506 2754 900 2844 spiritualem
945 2752 1302 2841 profectum
1342 2771 1531 2822 sensu
1570 2753 1845 2838 quodam
1887 2753 2111 2821 intimo
2134 2770 2199 2822 et
2230 2780 2335 2823 ar-

296 2884 453 2927 cana
470 2858 827 2947 intelligunt
841 2856 1244 2945 experientia·
1267 2855 1623 2923 Vulneratae
1641 2857 1830 2945 igitur
1854 2858 1973 2924 isto
1989 2860 2325 2940 desiderio,

295 2981 394 3046 et,
428 2981 501 3033 ut
532 2966 621 3032 sic
656 2966 898 3040 dicam,
924 2963 1231 3028 famelicae
1259 2961 1516 3049 justitiae
1547 2962 1961 3050 omniumque
1992 2966 2297 3034 virtutum
2315 2989 2350 3045 ,⁴

297 3087 485 3163 atque
527 3071 965 3139 illustrationis
996 3070 1148 3135 boni
1182 3067 1490 3158 Spiritus,
1520 3071 1637 3135 etsi
1669 3071 1982 3158 mysteriis
2011 3074 2216 3163 dignas
2238 3077 2339 3142 di-

295 3181 488 3255 vinis;
522 3180 639 3244 etsi
672 3177 901 3243 laetitiae
932 3174 1206 3241 coelestis
1242 3187 1310 3240 et
1335 3176 1552 3265 gratiae
1583 3176 1762 3243 sactae
1794 3178 2131 3268 participes
2168 3183 2349 3256 ιςίιιῑ,1

296 3309 424 3354 non
469 3300 679 3353 tamen
717 3284 783 3356 in
808 3307 884 3350 se
917 3282 1284 3358 confidunt,
1320 3305 1528 3371 neque
1549 3306 1687 3349 esse
1726 3307 1794 3349 se
1809 3285 2046 3371 aliquid
2070 3295 2343 3371 putant}
2448 3325 2471 3344 .

297 3397 410 3460 sed
445 3404 684 3480 quanto
725 3388 1152 3455 abundantius
1206 3401 1684 3473 consequuntur
1732 3387 2077 3476 spiritualia
2137 3390 2345 3469 «iona,⁸

299 3511 473 3566 tanto
506 3496 750 3563 avidius
781 3489 1248 3575 inexplebiliter
1287 3490 1533 3555 inhiant
1559 3492 1845 3557 ulteriori
1876 3490 2339 3581 participationi

298 3604 653 3671 coelestium
701 3595 1086 3687 gratiarum3
1135 3602 1444 3676 tantoque
1491 3596 1569 3655 ad
1626 3595 1791 3659 hane
1846 3617 1913 3660 se
1968 3597 2340 3667 laboriosius

299 3708 602 3773 enitendo
643 3703 1007 3789 disponunt.
1064 3697 1306 3762 Rursus
1361 3707 1601 3783 quanto
1644 3698 1892 3764 dulcius
1944 3702 2223 3770 sentiunt
2274 3713 2358 3788 se,

297 3809 613 3904 proficere
644 3807 707 3872 in
740 3801 980 3892 Sp'iritu
999 3851 1015 3877 ,
1046 3813 1225 3866 tanto
1245 3800 1424 3888 quasi
1449 3803 1730 3890 gulosius
1754 3815 2058 3892 appetunt
2080 3793 2345 3900 percep--

298 3918 539 3986 tionem
567 3911 938 3980 deliciarum
957 3908 1325 3974 earumdem
1346 3932 1364 3981 ς
1387 3919 1452 3973 et
1478 3907 1886 3996 spiritualiter
1911 3913 2349 4002 locupletam·

369 4069 383 4092 ¹
423 4069 440 4103 ι
469 4052 588 4103 Gor.
616 4066 673 4110 n,
706 4045 866 4127 ⁸3‘¹.⁵'
898 4056 1004 4083 —·
1033 4042 1108 4094 ld.
1133 4057 1202 4097 vt.
1232 4057 1310 4106 ⁸7·

729 4151 738 4154 ’
2007 4129 2113 4199 25.
