2982 4885
1054 525 1312 573 nomme
1357 526 1494 573 xm.
1573 579 1580 584 ‚
2157 503 2290 590 283

258 666 411 712 vero
445 665 575 710 non
603 644 934 710 reverteris
970 646 1049 710 ad
1079 648 1401 710 coelestem
1436 658 1610 708 tuam
1642 645 2114 732 cognationem,
2149 668 2290 732 quae

256 764 357 815 est
384 751 725 826 Dominus;
753 754 865 816 sed
898 753 1383 839 cogitationibus
1417 751 1542 816 tuis
1569 751 1760 814 tradis
1792 762 1855 815 te
1883 765 1948 815 et
1970 753 2290 818 assentiris

260 858 748 944 cogitationibus
779 859 986 945 pravis
1004 908 1020 933 ,
1054 859 1309 947 adjutor
1336 847 1587 948 peccati
1614 857 1817 922 sactus
1838 904 1856 931 ,
1882 857 2144 945 ejusque
2168 882 2290 948 ope

260 963 375 1029 tibi
411 962 526 1050 ipsi
560 962 802 1026 bellum
843 961 1070 1038 inferS,
1107 975 1295 1050 atque
1329 964 1486 1027 adeo
1537 984 1748 1026 escam
1774 960 1971 1025 hostis
2000 974 2064 1026 te
2088 964 2292 1048 ipsum

258 1067 608 1133 constituis.
637 1067 908 1132 Perinde
949 1090 1022 1132 ac
1061 1067 1113 1132 si
1147 1068 1274 1133 avis
1300 1068 1377 1132 ab
1409 1068 1613 1154 aquila
1642 1066 2099 1155 comprehensa
2122 1069 2299 1133 absu-

254 1184 490 1246 matur,
508 1183 630 1235 ‘aut
648 1162 794 1236 'ovis
820 1193 852 1234 a
876 1175 1051 1260 lupo,
1081 1183 1191 1236 aut
1218 1195 1377 1260 puer
1403 1172 1697 1258 ignorans
1721 1171 2020 1236 extendat
2036 1153 2295 1237 manum

259 1297 442 1339 suam
481 1275 564 1338 ad
591 1287 984 1363 serpentem,
1021 1298 1054 1340 a
1087 1299 1214 1363 quo
1253 1299 1474 1341 exesus
1507 1274 1955 1341 inflammetur.
1999 1275 2294 1342 Similitu-

275 1379 455 1443 dines
494 1380 665 1444 enim
701 1382 874 1445 velut
909 1379 1183 1467 effigiem
1214 1370 1443 1468 gerunt
1476 1403 1694 1445 rerum
1740 1380 2176 1467 spiritualium.

344 1481 481 1546 Vll.
536 1484 1099 1559 Quemadmodum
1131 1506 1277 1548 vero
1310 1486 1485 1572 virgo
1519 1486 1690 1550 dives
1725 1487 2096 1572 desponsata
2132 1485 2292 1559 viro,

257 1606 680 1671 quaecumque
708 1588 1026 1674 acceperit
1054 1590 1220 1653 dona
1254 1602 1401 1655 ante
1430 1589 1986 1676 conjunctionem,
2028 1588 2158 1652 sive
2185 1610 2294 1651 or-

256 1703 577 1765 namenta,
605 1690 734 1756 sive
749 1692 1221 1768 vestimentum,
1245 1695 1375 1760 sive
1393 1695 1898 1783 suppellectilem
1921 1694 2291 1781 pretiosam,

256 1817 385 1858 non
418 1794 685 1880 quiescit
721 1796 788 1860 in
819 1797 972 1872 illis,
1009 1800 1213 1864 donec
1248 1811 1500 1888 tempus
1529 1800 1899 1886 nuptiarum
1930 1799 2290 1872 advenerit,

253 1911 320 1963 et
342 1898 793 1984 conjunctione
824 1901 1022 1988 potita
1046 1902 1238 1968 suerit
1273 1926 1289 1967 ε
1328 1904 1415 1969 sic
1449 1927 1706 1991 quoque
1739 1903 1947 1968 anima
1987 1915 2195 1989 aptata
2230 1903 2295 1967 in

255 2023 547 2090 sponsam
588 2005 827 2071 coelesti
870 2030 1141 2095 sponso,
1186 2009 1416 2097 accipit
1460 2009 1885 2074 arrhabonem
1928 2030 1965 2073 e
2007 2007 2286 2096 Spiritu,

256 2109 381 2173 sive
406 2108 568 2175 dona
593 2112 993 2177 sanationum
1016 2162 1034 2188 ,
1070 2114 1198 2179 sive
1229 2116 1607 2202 cognitionis
1626 2163 1644 2190 ,
1685 2114 1812 2178 sive
1842 2114 2242 2179 revelationis
2269 2137 2285 2174 ε

254 2215 366 2276 sed
411 2234 541 2276 nou
581 2216 978 2299 conquiescit
1024 2218 1089 2279 in
1131 2217 1287 2289 illis,
1336 2221 1544 2282 donec
1588 2229 2012 2303 consequatur
2039 2219 2292 2303 plenam

256 2317 662 2389 societatem,
698 2317 824 2379 hoc
864 2330 960 2380 est
991 2318 1399 2383 dilectionem
1420 2368 1437 2392 ,
1464 2343 1605 2404 quae
1643 2343 1789 2382 cum
1823 2343 1942 2383 nec
1977 2332 2291 2394 mutetur,

258 2444 378 2486 nec
408 2419 683 2494 excidat,
713 2420 919 2485 omnis
949 2419 1255 2507 passionis
1278 2431 1343 2484 et
1372 2421 1807 2486 concussionis
1829 2435 2117 2508 expertes
2148 2446 2296 2486 con-

258 2528 462 2593 stituit
481 2526 642 2599 illos,
670 2526 778 2611 qui
804 2547 945 2590 eam
965 2526 1342 2590 desiderant.
1373 2527 1502 2591 Aut
1526 2528 2066 2614 quemadmodum
2093 2527 2293 2592 infans

260 2630 527 2695 amictus
558 2630 913 2718 margaritis
941 2644 1006 2696 et
1037 2631 1423 2698 indumentis
1454 2632 1742 2721 pretiosis
1762 2681 1780 2707 ,
1819 2632 1930 2696 ubi
1960 2632 2287 2707 esurierit,

258 2734 417 2799 nihil
449 2735 754 2811 aestimat,
796 2759 934 2823 quae
970 2750 1211 2824 gestat,
1258 2740 1368 2802 sed
1408 2756 1480 2803 ea
1521 2736 1811 2827 negligit,
1854 2759 2109 2802 omnem
2139 2760 2289 2804 vero

256 2862 478 2905 curam
509 2839 701 2905 habet
732 2841 796 2905 in
818 2842 1096 2906 mamilla
1122 2842 1429 2919 alimenti,
1466 2867 1594 2930 quo
1621 2855 1806 2931 pacto
1838 2845 1936 2908 lac
1971 2842 2241 2930 accipiat
2267 2866 2284 2907 ε

258 2946 426 3011 idem
459 2969 712 3034 quoquo
742 2959 963 3034 putato
1003 2948 1162 3015 mihi
1196 2949 1262 3014 in
1296 2948 1726 3037 spiritualibus
1759 2948 1941 3015 donis
1979 2947 2116 3015 Dei.
2171 2947 2291 3014 Cui

258 3051 455 3139 gloria
487 3052 552 3118 in
581 3055 828 3119 saecula.
871 3053 1095 3122 Amen.
