2982 4885
639 464 764 567 {ok
1311 509 1361 550 s.
1415 508 1678 585 uacua
1723 474 1989 555 autern

637 624 831 692 nitate
859 621 1138 711 jucunda
1160 672 1178 698 ,
1214 627 1401 713 plane
1430 627 1696 715 pulchra
1731 650 1804 693 ae
1829 629 2011 715 plena
2031 623 2380 713 fragrantiae
2406 636 2473 691 et
2494 624 2661 712 quie-

636 732 716 797 tis
748 756 766 806 ;
804 741 869 794 et
900 729 1286 818 quicumque
1318 731 1707 820 ingrediatur
1740 733 1928 808 illuc,
1966 734 2211 796 laetetur
2240 743 2304 796 et
2338 729 2657 818 quiescat:

638 835 728 901 sic
762 838 826 899 se
850 835 1089 900 habent
1121 836 1343 901 animae
1378 837 1441 900 in
1472 860 1665 925 regno
1696 837 1821 929 hec
1844 863 1863 911 ς
1899 849 2044 902 tota>
2081 835 2376 902 fruuntur
2403 834 2664 923 gaudio,

637 939 851 1007 loetitia
883 952 948 1005 et
973 930 1128 1027 pace
1145 967 1163 1014 ς
1192 964 1368 1029 reges
1387 954 1449 1006 et
1473 942 1713 1008 domini
1740 955 1972 1009 suntet
2005 942 2111 1007 dii.
2151 941 2469 1031 Scriptum
2501 938 2671 1006 euim

637 1055 733 1109 est
768 1067 784 1109 ε
822 1072 847 1103 ι
895 1044 1027 1119 Rex
1051 1046 1447 1132 regnantium
1470 1095 1488 1121 ,
1516 1059 1582 1111 et
1614 1046 1926 1112 Dominus
1968 1045 2496 1125 dominantium'.
2536 1073 2564 1103 ο

727 1146 832 1214 IV.
852 1148 989 1214 Non
1007 1172 1156 1238 ergo
1176 1150 1681 1235 Christianorum
1695 1154 1904 1217 cultus
1929 1164 2026 1218 est
2051 1152 2376 1241 quippiam
2392 1152 2674 1238 vulgare:

644 1253 1018 1340 mysterium
1054 1255 1223 1319 enim
1254 1254 1377 1322 hoc
1414 1280 1715 1346 magnum
1753 1270 1867 1323 est.
1902 1256 2228 1346 Perpende
2266 1279 2416 1343 ergo
2448 1253 2685 1320 nobili-

643 1368 840 1423 tatem
857 1370 1055 1434 tuam,
1077 1364 1248 1448 quod
1272 1364 1350 1429 ad
1367 1363 1602 1452 regiam
1629 1364 1994 1452 dignitatem
2015 1373 2271 1426 vocatus
2297 1361 2403 1433 sis,
2427 1360 2688 1423 «Genus

649 1486 676 1524 a
716 1464 1018 1542 electum,
1043 1468 1254 1553 regale
1275 1467 1701 1535 sacerdotium
1723 1480 1786 1533 et
1813 1491 1964 1558 gens
1989 1465 2298 1532 sancta².»
2314 1463 2688 1552 Mysterium

649 1568 819 1634 enim
849 1569 1297 1638 christianismi
1328 1575 1734 1664 peregrinum
1765 1586 1861 1639 est
1906 1574 1983 1638 ab
2016 1573 2140 1637 hoc
2175 1573 2435 1636 mundo.
2477 1567 2691 1635 Gloria

649 1674 815 1761 regis
841 1676 1099 1762 quidem
1132 1680 1502 1764 conspicua.
1526 1702 1600 1743 ac
1634 1679 1887 1751 divitiae,
1912 1690 2158 1741 terrena
2177 1687 2351 1749 sunt,
2376 1670 2695 1761 corrupti-

653 1777 1008 1850 bilia,'ssuxa
1039 1788 1103 1839 et
1134 1781 1398 1842 caduca.
1427 1781 1720 1865 Regnum
1748 1792 1956 1842 autem
1978 1779 2157 1849 illud,
2180 1790 2246 1839 et
2278 1775 2703 1849 divitiae,sunt

651 1898 752 1941 res
787 1877 1034 1947 divinae,
1061 1899 1160 1939 res
1194 1868 1482 1945 coelestes
1509 1891 1696 1964 atque
1724 1879 2035 1965 gloriosae,
2063 1900 2390 1965 nunquam
2416 1880 2708 1966 praeteri-

653 1980 840 2052 tnrae,·
871 1998 1220 2063 numquam
1255 1980 1686 2047 dissolvendae.
1724 1982 2011 2071 Regnant
2034 1972 2035 1977 ἵ
2061 1965 2247 2049 enim*
2274 2005 2424 2065 cum
2455 1982 2707 2048 coelesti

645 2081 820 2167 *Rege
843 2080 904 2143 in
927 2081 1161 2145 coelesti
1177 2082 1486 2156 Ecclesia:
1513 2085 1773 2176 ipseque
1792 2085 2296 2175 «Primogenitus
2319 2096 2417 2151 est
2432 2107 2511 2148 ex
2535 2105 2704 2149 mor-

650 2182 1311 2275 tuis⁸‚=primogeniti
1359 2210 1615 2277 quoque
1660 2191 1795 2281 ipsi.
1833 2190 2150 2256 Caeterum
2192 2190 2339 2254 licet
2384 2188 2538 2252 tales
2575 2185 2701 2254 sint

655 2290 842 2355 electi
875 2305 940 2358 et
958 2290 1208 2382 probati
1242 2298 1412 2383 apud
1438 2295 1682 2370 Deum;
1720 2297 1888 2385 apud
1912 2318 1978 2359 se
2009 2307 2219 2379 tamen
2250 2305 2402 2358 sunt
2425 2291 2691 2367 minimi,

658 2406 724 2460 et
752 2398 934 2463 valde
955 2398 1316 2487 reprobati;
1351 2402 1523 2488 quod
1549 2400 1669 2466 illis
1702 2412 1796 2467 est
1820 2401 1993 2466 velut
2022 2401 2312 2467 naturale
2346 2410 2411 2466 et
2446 2419 2697 2466 concre-

660 2512 825 2577 tum,
861 2516 932 2569 ut
960 2505 1040 2570 de
1070 2526 1136 2570 se
1166 2504 1493 2574 humiliter
1527 2517 1635 2570 aut
1666 2504 1824 2571 nihil
1854 2504 2143 2590 sentiant.
2276 2501 2281 2506 ’

1399 2716 1945 2769 INTERROGATIO.

754 2909 832 2979 V.
873 2910 1325 3001 Ignorant-ne
1374 2936 1529 3004 ergo
1583 2938 1649 2980 se
1704 2917 2135 2982 accessionem
2188 2930 2583 2996 consecutos,
2618 2938 2704 3012 ‘ae

591 3027 598 3034 '
667 3017 844 3103 quod
873 3040 1011 3081 non
1059 3016 1429 3102 habebant,
1464 3021 1798 3124 possidere
1836 3045 1879 3120 ᾳ
1912 3038 2161 3088 natura
2204 3046 2325 3090 aaa
2353 3020 2709 3108 quidpiam

668 3120 969 3186 alienum
993 3123 1030 3185 ?

1487 3339 1885 3396 Responsio.

761 3541 894 3632 Ego
940 3559 1091 3607 vero
1137 3540 1252 3607 tibi
1285 3540 1429 3608 dico
1460 3542 1601 3610 illos
1642 3565 1771 3610 non
1800 3568 1940 3611 esse
1971 3545 2298 3634 probatos,
2332 3563 2451 3609 nec
2480 3565 2617 3609 esse
2648 3544 2718 3610 in

675 3670 1037 3739 progressu,
1082 3659 1270 3735 atque
1304 3648 1594 3738 ignorare
1636 3672 1704 3714 se
1748 3653 1921 3736 quod
1959 3673 2085 3715 non
2130 3649 2475 3725 habebant,
2510 3649 2721 3737 possi-

678 3758 849 3822 dere.
892 3754 1240 3831 Caeterum‚
1294 3755 1402 3844 qui
1448 3758 1604 3822 tales
1645 3766 1828 3831 sunt,
1860 3777 1970 3822 eos
2008 3755 2142 3846 ipsa
2179 3754 2378 3845 gratia
2411 3753 2721 3821 accedens

675 3861 889 3939 docet,
920 3882 1003 3928 ne
1029 3862 1162 3929 ullo
1193 3860 1260 3927 in
1299 3861 1505 3950 pretio
1550 3859 1835 3929 habeant
1875 3860 2119 3930 animas
2153 3884 2301 3929 suas
2322 3910 2340 3939 .
2378 3862 2532 3929 dum
2568 3880 2725 3949 pro-

750 4018 765 4039 ·
791 4000 946 4068 Apoc-
970 4016 1115 4058 niu,
1141 3999 1218 4060 ιζ.
1254 4025 1315 4040 -
1342 4013 1362 4038 ·
1393 4015 1410 4048 ι
1435 3998 1568 4052 Petr.
1590 4015 1650 4062 u,
1675 4015 1724 4065 9.
1755 4026 1817 4041 -
1843 4002 1867 4040 ⁸
1887 3999 2076 4053 colou.
2101 4015 2140 4064 ι,
2174 3999 2248 4054 18.
