<?xml version="1.0" encoding="UTF-8"?>
<!DOCTYPE html PUBLIC "-//W3C//DTD XHTML 1.0 Transitional//EN"
    "http://www.w3.org/TR/xhtml1/DTD/xhtml1-transitional.dtd">
<html xmlns="http://www.w3.org/1999/xhtml" xml:lang="en" lang="en">
 <head>
  <title>
</title>
<meta http-equiv="Content-Type" content="text/html;charset=utf-8" />
  <meta name='ocr-system' content='tesseract 3.04.00' />
  <meta name='ocr-capabilities' content='ocr_page ocr_carea ocr_par ocr_line ocrx_word'/>
</head>
<body>
  <div class='ocr_page' id='page_1' title='image "./sanctorummacari00egypgoog_0303.png"; bbox 0 0 2982 4885; ppageno 0'>
   <div class='ocr_carea' id='block_1_1' title="bbox 1071 497 2323 594">
    <p class='ocr_par' dir='ltr' id='par_1_1' title="bbox 1071 497 2323 594">
     <span class='ocr_line' id='line_1_1' title="bbox 1071 497 2323 594; baseline 0.001 -28"><span class='ocrx_word' id='word_1_1' title='bbox 1071 519 1328 569; x_wconf 64' lang='lat' dir='ltr'><strong>nonina</strong></span> <span class='ocrx_word' id='word_1_2' title='bbox 1374 523 1547 567; x_wconf 74' lang='lat' dir='ltr'><strong>nm.</strong></span> <span class='ocrx_word' id='word_1_3' title='bbox 2192 497 2323 594; x_wconf 72' lang='lat'><strong>267¹</strong></span> 
     </span>
    </p>
   </div>
   <div class='ocr_carea' id='block_1_2' title="bbox 283 635 2460 3005">
    <p class='ocr_par' dir='ltr' id='par_1_2' title="bbox 289 635 2339 1984">
     <span class='ocr_line' id='line_1_2' title="bbox 289 635 2321 727; baseline 0 -24"><span class='ocrx_word' id='word_1_4' title='bbox 289 648 478 727; x_wconf 83' lang='lat' dir='ltr'><strong>partu</strong></span> <span class='ocrx_word' id='word_1_5' title='bbox 502 684 523 712; x_wconf 92' lang='lat'><strong>,</strong></span> <span class='ocrx_word' id='word_1_6' title='bbox 577 635 962 724; x_wconf 88' lang='lat' dir='ltr'><strong>paupercula</strong></span> <span class='ocrx_word' id='word_1_7' title='bbox 1006 647 1071 699; x_wconf 88' lang='lat' dir='ltr'><strong>et</strong></span> <span class='ocrx_word' id='word_1_8' title='bbox 1115 637 1329 725; x_wconf 86' lang='lat' dir='ltr'><strong>regina</strong></span> <span class='ocrx_word' id='word_1_9' title='bbox 1373 637 1633 703; x_wconf 88' lang='lat' dir='ltr'><strong>eosdem</strong></span> <span class='ocrx_word' id='word_1_10' title='bbox 1675 637 1921 704; x_wconf 85' lang='lat' dir='ltr'><strong>dolores</strong></span> <span class='ocrx_word' id='word_1_11' title='bbox 1966 638 2321 714; x_wconf 60' lang='lat' dir='ltr'><strong>sustinent,</strong></span> 
     </span>
     <span class='ocr_line' id='line_1_3' title="bbox 293 740 2324 830; baseline 0.001 -22"><span class='ocrx_word' id='word_1_12' title='bbox 293 743 510 808; x_wconf 88' lang='lat' dir='ltr'><strong>itidem</strong></span> <span class='ocrx_word' id='word_1_13' title='bbox 538 763 788 828; x_wconf 86' lang='lat' dir='ltr'><strong>quoque</strong></span> <span class='ocrx_word' id='word_1_14' title='bbox 820 753 986 805; x_wconf 88' lang='lat' dir='ltr'><strong>terra</strong></span> <span class='ocrx_word' id='word_1_15' title='bbox 1011 740 1219 806; x_wconf 83' lang='lat' dir='ltr'><strong>divitis</strong></span> <span class='ocrx_word' id='word_1_16' title='bbox 1244 754 1307 806; x_wconf 88' lang='lat' dir='ltr'><strong>et</strong></span> <span class='ocrx_word' id='word_1_17' title='bbox 1338 740 1655 830; x_wconf 87' lang='lat' dir='ltr'><strong>pauperis.</strong></span> <span class='ocrx_word' id='word_1_18' title='bbox 1691 741 1810 805; x_wconf 91' lang='lat' dir='ltr'><strong>nisi</strong></span> <span class='ocrx_word' id='word_1_19' title='bbox 1843 744 2324 810; x_wconf 85' lang='lat' dir='ltr'><strong>convenientem</strong></span> 
     </span>
     <span class='ocr_line' id='line_1_4' title="bbox 292 846 2322 936; baseline 0 -23"><span class='ocrx_word' id='word_1_20' title='bbox 292 847 610 935; x_wconf 88' lang='lat' dir='ltr'><strong>acceperit</strong></span> <span class='ocrx_word' id='word_1_21' title='bbox 641 847 945 922; x_wconf 85' lang='lat' dir='ltr'><strong>imbrem,</strong></span> <span class='ocrx_word' id='word_1_22' title='bbox 980 870 1110 913; x_wconf 89' lang='lat' dir='ltr'><strong>non</strong></span> <span class='ocrx_word' id='word_1_23' title='bbox 1144 861 1352 936; x_wconf 79' lang='lat' dir='ltr'><strong>potest</strong></span> <span class='ocrx_word' id='word_1_24' title='bbox 1388 848 1634 913; x_wconf 83' lang='lat' dir='ltr'><strong>fructus</strong></span> <span class='ocrx_word' id='word_1_25' title='bbox 1665 846 1892 936; x_wconf 85' lang='lat' dir='ltr'><strong>dignos</strong></span> <span class='ocrx_word' id='word_1_26' title='bbox 1930 851 2322 936; x_wconf 74' lang='lat' dir='ltr'><strong>producerez</strong></span> 
     </span>
     <span class='ocr_line' id='line_1_5' title="bbox 292 953 2322 1042; baseline 0.001 -23"><span class='ocrx_word' id='word_1_27' title='bbox 292 954 383 1020; x_wconf 85' lang='lat' dir='ltr'><strong>sic</strong></span> <span class='ocrx_word' id='word_1_28' title='bbox 415 976 668 1041; x_wconf 90' lang='lat' dir='ltr'><strong>quoque</strong></span> <span class='ocrx_word' id='word_1_29' title='bbox 702 953 766 1018; x_wconf 92' lang='lat' dir='ltr'><strong>in</strong></span> <span class='ocrx_word' id='word_1_30' title='bbox 799 953 1165 1042; x_wconf 80' lang='lat' dir='ltr'><strong>operatione</strong></span> <span class='ocrx_word' id='word_1_31' title='bbox 1197 954 1458 1031; x_wconf 79' lang='lat' dir='ltr'><strong>animae,</strong></span> <span class='ocrx_word' id='word_1_32' title='bbox 1494 976 1620 1018; x_wconf 91' lang='lat' dir='ltr'><strong>non</strong></span> <span class='ocrx_word' id='word_1_33' title='bbox 1657 954 1939 1040; x_wconf 85' lang='lat' dir='ltr'><strong>sapiens,</strong></span> <span class='ocrx_word' id='word_1_34' title='bbox 1973 976 2102 1018; x_wconf 93' lang='lat' dir='ltr'><strong>non</strong></span> <span class='ocrx_word' id='word_1_35' title='bbox 2137 957 2322 1024; x_wconf 69' lang='lat' dir='ltr'><strong>locu-,-</strong></span> 
     </span>
     <span class='ocr_line' id='line_1_6' title="bbox 290 1057 2325 1148; baseline 0 -25"><span class='ocrx_word' id='word_1_36' title='bbox 290 1060 425 1148; x_wconf 84' lang='lat' dir='ltr'><strong>ples</strong></span> <span class='ocrx_word' id='word_1_37' title='bbox 462 1059 525 1123; x_wconf 90' lang='lat' dir='ltr'><strong>in</strong></span> <span class='ocrx_word' id='word_1_38' title='bbox 548 1059 743 1146; x_wconf 87' lang='lat' dir='ltr'><strong>gratia</strong></span> <span class='ocrx_word' id='word_1_39' title='bbox 768 1081 1037 1146; x_wconf 88' lang='lat' dir='ltr'><strong>regnum</strong></span> <span class='ocrx_word' id='word_1_40' title='bbox 1072 1058 1344 1133; x_wconf 88' lang='lat' dir='ltr'><strong>obtinet,</strong></span> <span class='ocrx_word' id='word_1_41' title='bbox 1378 1059 1498 1128; x_wconf 87' lang='lat' dir='ltr'><strong>nisi</strong></span> <span class='ocrx_word' id='word_1_42' title='bbox 1531 1081 1644 1145; x_wconf 84' lang='lat' dir='ltr'><strong>per</strong></span> <span class='ocrx_word' id='word_1_43' title='bbox 1675 1057 2101 1132; x_wconf 76' lang='lat' dir='ltr'><strong>tolerantiam,</strong></span> <span class='ocrx_word' id='word_1_44' title='bbox 2136 1057 2325 1124; x_wconf 82' lang='lat' dir='ltr'><strong>afflic-</strong></span> 
     </span>
     <span class='ocr_line' id='line_1_7' title="bbox 290 1162 2328 1256; baseline -0.001 -28"><span class='ocrx_word' id='word_1_45' title='bbox 290 1164 496 1228; x_wconf 79' lang='lat' dir='ltr'><strong>tiones</strong></span> <span class='ocrx_word' id='word_1_46' title='bbox 542 1176 607 1229; x_wconf 90' lang='lat' dir='ltr'><strong>et</strong></span> <span class='ocrx_word' id='word_1_47' title='bbox 637 1164 887 1229; x_wconf 89' lang='lat' dir='ltr'><strong>labores</strong></span> <span class='ocrx_word' id='word_1_48' title='bbox 923 1167 1161 1230; x_wconf 83' lang='lat' dir='ltr'><strong>multos</strong></span> <span class='ocrx_word' id='word_1_49' title='bbox 1187 1189 1207 1241; x_wconf 81' lang='lat'>3</span> <span class='ocrx_word' id='word_1_50' title='bbox 1247 1163 1754 1242; x_wconf 75' lang='lat' dir='ltr'><strong>Christianorum</strong></span> <span class='ocrx_word' id='word_1_51' title='bbox 1791 1163 1963 1227; x_wconf 90' lang='lat' dir='ltr'><strong>enim</strong></span> <span class='ocrx_word' id='word_1_52' title='bbox 1995 1162 2123 1228; x_wconf 77' lang='lat' dir='ltr'><strong>vita</strong></span> <span class='ocrx_word' id='word_1_53' title='bbox 2152 1162 2328 1256; x_wconf 70' lang='lat' dir='ltr'><strong>ejus-¹</strong></span> 
     </span>
     <span class='ocr_line' id='line_1_8' title="bbox 291 1265 2332 1362; baseline 0 -30"><span class='ocrx_word' id='word_1_54' title='bbox 291 1268 465 1333; x_wconf 90' lang='lat' dir='ltr'><strong>modi</strong></span> <span class='ocrx_word' id='word_1_55' title='bbox 478 1291 613 1334; x_wconf 86' lang='lat' dir='ltr'><strong>esse</strong></span> <span class='ocrx_word' id='word_1_56' title='bbox 628 1269 837 1335; x_wconf 89' lang='lat' dir='ltr'><strong>debet.</strong></span> <span class='ocrx_word' id='word_1_57' title='bbox 860 1269 1128 1335; x_wconf 85' lang='lat' dir='ltr'><strong>Perinde</strong></span> <span class='ocrx_word' id='word_1_58' title='bbox 1144 1292 1215 1335; x_wconf 91' lang='lat' dir='ltr'><strong>ac</strong></span> <span class='ocrx_word' id='word_1_59' title='bbox 1224 1273 1352 1335; x_wconf 91' lang='lat' dir='ltr'><strong>mel</strong></span> <span class='ocrx_word' id='word_1_60' title='bbox 1370 1271 1560 1335; x_wconf 88' lang='lat' dir='ltr'><strong>dulce</strong></span> <span class='ocrx_word' id='word_1_61' title='bbox 1573 1267 1744 1356; x_wconf 91' lang='lat' dir='ltr'><strong>quod</strong></span> <span class='ocrx_word' id='word_1_62' title='bbox 1758 1280 1878 1342; x_wconf 86' lang='lat' dir='ltr'><strong>est,</strong></span> <span class='ocrx_word' id='word_1_63' title='bbox 1896 1266 2055 1362; x_wconf 68' lang='lat' dir='ltr'><strong>nihil</strong></span> <span class='ocrx_word' id='word_1_64' title='bbox 2069 1265 2332 1355; x_wconf 81' lang='lat' dir='ltr'><strong>suscipit</strong></span> 
     </span>
     <span class='ocr_line' id='line_1_9' title="bbox 294 1373 2332 1461; baseline 0 -24"><span class='ocrx_word' id='word_1_65' title='bbox 294 1374 527 1450; x_wconf 85' lang='lat' dir='ltr'><strong>amari,</strong></span> <span class='ocrx_word' id='word_1_66' title='bbox 574 1397 693 1441; x_wconf 88' lang='lat' dir='ltr'><strong>nec</strong></span> <span class='ocrx_word' id='word_1_67' title='bbox 737 1375 1030 1440; x_wconf 82' lang='lat' dir='ltr'><strong>venenati</strong></span> <span class='ocrx_word' id='word_1_68' title='bbox 1070 1375 1225 1461; x_wconf 86' lang='lat' dir='ltr'><strong>quid</strong></span> <span class='ocrx_word' id='word_1_69' title='bbox 1265 1375 1545 1441; x_wconf 83' lang='lat' dir='ltr'><strong>admittit</strong></span> <span class='ocrx_word' id='word_1_70' title='bbox 1577 1399 1597 1450; x_wconf 68' lang='grc' dir='ltr'>ς</span> <span class='ocrx_word' id='word_1_71' title='bbox 1641 1374 1731 1438; x_wconf 84' lang='lat' dir='ltr'><strong>sic</strong></span> <span class='ocrx_word' id='word_1_72' title='bbox 1772 1373 1874 1440; x_wconf 87' lang='lat' dir='ltr'><strong>isti</strong></span> <span class='ocrx_word' id='word_1_73' title='bbox 1911 1394 2332 1460; x_wconf 72' lang='lat' dir='ltr'><strong>quaecumquo</strong></span> 
     </span>
     <span class='ocr_line' id='line_1_10' title="bbox 295 1474 2336 1566; baseline 0.001 -27"><span class='ocrx_word' id='word_1_74' title='bbox 295 1477 661 1552; x_wconf 86' lang='lat' dir='ltr'><strong>evenerint,</strong></span> <span class='ocrx_word' id='word_1_75' title='bbox 713 1478 844 1542; x_wconf 86' lang='lat' dir='ltr'><strong>sive</strong></span> <span class='ocrx_word' id='word_1_76' title='bbox 881 1478 1086 1555; x_wconf 76' lang='lat' dir='ltr'><strong>bona,</strong></span> <span class='ocrx_word' id='word_1_77' title='bbox 1125 1479 1255 1543; x_wconf 85' lang='lat' dir='ltr'><strong>sive</strong></span> <span class='ocrx_word' id='word_1_78' title='bbox 1291 1480 1458 1544; x_wconf 88' lang='lat' dir='ltr'><strong>mala</strong></span> <span class='ocrx_word' id='word_1_79' title='bbox 1493 1476 1753 1566; x_wconf 85' lang='lat' dir='ltr'><strong>benigni</strong></span> <span class='ocrx_word' id='word_1_80' title='bbox 1793 1490 1978 1553; x_wconf 81' lang='lat' dir='ltr'><strong>sunt,</strong></span> <span class='ocrx_word' id='word_1_81' title='bbox 2013 1489 2086 1542; x_wconf 88' lang='lat' dir='ltr'><strong>ut</strong></span> <span class='ocrx_word' id='word_1_82' title='bbox 2129 1474 2336 1561; x_wconf 84' lang='lat' dir='ltr'><strong>inquit</strong></span> 
     </span>
     <span class='ocr_line' id='line_1_11' title="bbox 294 1579 2325 1670; baseline -0.001 -23"><span class='ocrx_word' id='word_1_83' title='bbox 294 1579 653 1647; x_wconf 80' lang='lat' dir='ltr'><strong>Dominus:</strong></span> <span class='ocrx_word' id='word_1_84' title='bbox 704 1606 729 1640; x_wconf 75' lang='grc' dir='ltr'><strong>α</strong></span> <span class='ocrx_word' id='word_1_85' title='bbox 772 1581 990 1646; x_wconf 79' lang='lat' dir='ltr'><strong>Estote</strong></span> <span class='ocrx_word' id='word_1_86' title='bbox 1030 1581 1329 1670; x_wconf 83' lang='lat' dir='ltr'><strong>benigni,</strong></span> <span class='ocrx_word' id='word_1_87' title='bbox 1370 1583 1537 1648; x_wconf 83' lang='lat' dir='ltr'><strong>sicut</strong></span> <span class='ocrx_word' id='word_1_88' title='bbox 1563 1584 1749 1649; x_wconf 85' lang='lat' dir='ltr'><strong>Pater</strong></span> <span class='ocrx_word' id='word_1_89' title='bbox 1788 1593 1998 1649; x_wconf 80' lang='lat' dir='ltr'><strong>vester</strong></span> <span class='ocrx_word' id='word_1_90' title='bbox 2034 1579 2325 1646; x_wconf 83' lang='lat' dir='ltr'><strong>coelestis.</strong></span> 
     </span>
     <span class='ocr_line' id='line_1_12' title="bbox 298 1683 2339 1774; baseline 0.002 -29"><span class='ocrx_word' id='word_1_91' title='bbox 298 1712 324 1744; x_wconf 70' lang='lat' dir='ltr'><strong>n</strong></span> <span class='ocrx_word' id='word_1_92' title='bbox 349 1683 544 1764; x_wconf 90' lang='lat' dir='ltr'><strong>Quod</strong></span> <span class='ocrx_word' id='word_1_93' title='bbox 577 1684 747 1749; x_wconf 91' lang='lat' dir='ltr'><strong>enim</strong></span> <span class='ocrx_word' id='word_1_94' title='bbox 787 1686 958 1750; x_wconf 82' lang='lat' dir='ltr'><strong>laedit</strong></span> <span class='ocrx_word' id='word_1_95' title='bbox 989 1698 1054 1752; x_wconf 88' lang='lat' dir='ltr'><strong>et</strong></span> <span class='ocrx_word' id='word_1_96' title='bbox 1089 1687 1379 1774; x_wconf 82' lang='lat' dir='ltr'><strong>inquinat</strong></span> <span class='ocrx_word' id='word_1_97' title='bbox 1416 1685 1780 1770; x_wconf 87' lang='lat' dir='ltr'><strong>hominem,</strong></span> <span class='ocrx_word' id='word_1_98' title='bbox 1823 1689 1993 1753; x_wconf 83' lang='lat' dir='ltr'><strong>intus</strong></span> <span class='ocrx_word' id='word_1_99' title='bbox 2027 1698 2140 1754; x_wconf 86' lang='lat' dir='ltr'><strong>est.</strong></span> <span class='ocrx_word' id='word_1_100' title='bbox 2176 1684 2339 1751; x_wconf 88' lang='lat' dir='ltr'><strong>Nam</strong></span> 
     </span>
     <span class='ocr_line' id='line_1_13' title="bbox 297 1787 2333 1879; baseline 0 -28"><span class='ocrx_word' id='word_1_101' title='bbox 297 1818 326 1851; x_wconf 68' lang='grc' dir='ltr'><strong><em>ι</em></strong></span> <span class='ocrx_word' id='word_1_102' title='bbox 346 1787 651 1860; x_wconf 76' lang='lat' dir='ltr'><strong>decordo</strong></span> <span class='ocrx_word' id='word_1_103' title='bbox 680 1803 915 1858; x_wconf 84' lang='lat' dir='ltr'><strong>exeunt</strong></span> <span class='ocrx_word' id='word_1_104' title='bbox 944 1791 1359 1879; x_wconf 84' lang='lat' dir='ltr'><strong>cogitationes</strong></span> <span class='ocrx_word' id='word_1_105' title='bbox 1390 1795 1573 1859; x_wconf 80' lang='lat' dir='ltr'><strong>malae</strong></span> <span class='ocrx_word' id='word_1_106' title='bbox 1605 1793 1658 1867; x_wconf 83' lang='lat'><strong>¹,</strong></span> <span class='ocrx_word' id='word_1_107' title='bbox 1693 1820 1722 1853; x_wconf 68' lang='grc' dir='ltr'><strong><em>ι</em></strong></span> <span class='ocrx_word' id='word_1_108' title='bbox 1766 1804 1840 1857; x_wconf 90' lang='lat' dir='ltr'><strong>ut</strong></span> <span class='ocrx_word' id='word_1_109' title='bbox 1867 1791 2179 1870; x_wconf 81' lang='lat' dir='ltr'><strong>Dominus</strong></span> <span class='ocrx_word' id='word_1_110' title='bbox 2209 1787 2333 1862; x_wconf 75' lang='lat' dir='ltr'><strong>ait,</strong></span> 
     </span>
     <span class='ocr_line' id='line_1_14' title="bbox 297 1894 2003 1984; baseline 0.002 -26"><span class='ocrx_word' id='word_1_111' title='bbox 297 1894 599 1981; x_wconf 84' lang='lat' dir='ltr'><strong>quoniam</strong></span> <span class='ocrx_word' id='word_1_112' title='bbox 627 1917 768 1984; x_wconf 82' lang='lat' dir='ltr'><strong>quae</strong></span> <span class='ocrx_word' id='word_1_113' title='bbox 791 1896 1128 1983; x_wconf 88' lang='lat' dir='ltr'><strong>inquinant</strong></span> <span class='ocrx_word' id='word_1_114' title='bbox 1161 1896 1515 1975; x_wconf 87' lang='lat' dir='ltr'><strong>hominem,</strong></span> <span class='ocrx_word' id='word_1_115' title='bbox 1550 1898 1813 1963; x_wconf 83' lang='lat' dir='ltr'><strong>internae</strong></span> <span class='ocrx_word' id='word_1_116' title='bbox 1837 1908 2003 1962; x_wconf 86' lang='lat' dir='ltr'><strong>sunt.</strong></span> 
     </span>
    </p>

    <p class='ocr_par' dir='ltr' id='par_1_3' title="bbox 283 1996 2460 2710">
     <span class='ocr_line' id='line_1_15' title="bbox 385 1996 2338 2090; baseline 0 -27"><span class='ocrx_word' id='word_1_117' title='bbox 385 1999 521 2064; x_wconf 67' lang='lat'><em>111:</em></span> <span class='ocrx_word' id='word_1_118' title='bbox 548 2000 727 2066; x_wconf 86' lang='lat' dir='ltr'><strong>Intus</strong></span> <span class='ocrx_word' id='word_1_119' title='bbox 763 2023 916 2089; x_wconf 86' lang='lat' dir='ltr'><strong>ergo</strong></span> <span class='ocrx_word' id='word_1_120' title='bbox 946 2013 1042 2068; x_wconf 87' lang='lat' dir='ltr'><strong>est</strong></span> <span class='ocrx_word' id='word_1_121' title='bbox 1071 2001 1137 2066; x_wconf 91' lang='lat' dir='ltr'><strong>in</strong></span> <span class='ocrx_word' id='word_1_122' title='bbox 1177 2000 1384 2067; x_wconf 84' lang='lat' dir='ltr'><strong>anima</strong></span> <span class='ocrx_word' id='word_1_123' title='bbox 1417 2024 1648 2090; x_wconf 84' lang='lat' dir='ltr'><strong>repens</strong></span> <span class='ocrx_word' id='word_1_124' title='bbox 1678 2013 1745 2068; x_wconf 87' lang='lat' dir='ltr'><strong>et</strong></span> <span class='ocrx_word' id='word_1_125' title='bbox 1773 1999 2180 2090; x_wconf 83' lang='lat' dir='ltr'><strong>progrediens</strong></span> <span class='ocrx_word' id='word_1_126' title='bbox 2218 1996 2338 2085; x_wconf 83' lang='lat' dir='ltr'><strong>spi-</strong></span> 
     </span>
     <span class='ocr_line' id='line_1_16' title="bbox 300 2102 2339 2195; baseline 0 -28"><span class='ocrx_word' id='word_1_127' title='bbox 300 2102 458 2168; x_wconf 86' lang='lat' dir='ltr'><strong>ritus</strong></span> <span class='ocrx_word' id='word_1_128' title='bbox 479 2105 760 2183; x_wconf 84' lang='lat' dir='ltr'><strong>malitiae,</strong></span> <span class='ocrx_word' id='word_1_129' title='bbox 794 2107 1103 2173; x_wconf 84' lang='lat' dir='ltr'><strong>rationale</strong></span> <span class='ocrx_word' id='word_1_130' title='bbox 1129 2106 1537 2195; x_wconf 84' lang='lat' dir='ltr'><strong>impulsivum</strong></span> <span class='ocrx_word' id='word_1_131' title='bbox 1555 2156 1574 2182; x_wconf 91' lang='lat'><strong>,</strong></span> <span class='ocrx_word' id='word_1_132' title='bbox 1605 2107 1778 2195; x_wconf 90' lang='lat' dir='ltr'><strong>quod</strong></span> <span class='ocrx_word' id='word_1_133' title='bbox 1796 2119 1894 2171; x_wconf 84' lang='lat' dir='ltr'><strong>est</strong></span> <span class='ocrx_word' id='word_1_134' title='bbox 1922 2107 2209 2173; x_wconf 81' lang='lat' dir='ltr'><strong>velamen</strong></span> <span class='ocrx_word' id='word_1_135' title='bbox 2238 2116 2339 2170; x_wconf 85' lang='lat' dir='ltr'><strong>te-</strong></span> 
     </span>
     <span class='ocr_line' id='line_1_17' title="bbox 283 2206 2336 2298; baseline 0 -27"><span class='ocrx_word' id='word_1_136' title='bbox 283 2209 678 2285; x_wconf 83' lang='lat' dir='ltr'><strong>nebrarum,</strong></span> <span class='ocrx_word' id='word_1_137' title='bbox 717 2223 896 2276; x_wconf 85' lang='lat' dir='ltr'><strong>vetus</strong></span> <span class='ocrx_word' id='word_1_138' title='bbox 926 2211 1233 2275; x_wconf 87' lang='lat' dir='ltr'><strong>nimirum</strong></span> <span class='ocrx_word' id='word_1_139' title='bbox 1260 2210 1455 2276; x_wconf 86' lang='lat' dir='ltr'><strong>homo</strong></span> <span class='ocrx_word' id='word_1_140' title='bbox 1477 2259 1496 2292; x_wconf 87' lang='lat'>‚</span> <span class='ocrx_word' id='word_1_141' title='bbox 1534 2234 1726 2296; x_wconf 88' lang='lat' dir='ltr'><strong>quem</strong></span> <span class='ocrx_word' id='word_1_142' title='bbox 1764 2223 2016 2298; x_wconf 83' lang='lat' dir='ltr'><strong>oportet</strong></span> <span class='ocrx_word' id='word_1_143' title='bbox 2047 2232 2155 2273; x_wconf 85' lang='lat' dir='ltr'><strong>eos</strong></span> <span class='ocrx_word' id='word_1_144' title='bbox 2175 2255 2193 2281; x_wconf 87' lang='lat'><strong>,</strong></span> <span class='ocrx_word' id='word_1_145' title='bbox 2227 2206 2336 2292; x_wconf 88' lang='lat' dir='ltr'><strong>qui</strong></span> 
     </span>
     <span class='ocr_line' id='line_1_18' title="bbox 305 2313 2342 2398; baseline -0.001 -22"><span class='ocrx_word' id='word_1_146' title='bbox 305 2314 386 2376; x_wconf 86' lang='lat' dir='ltr'><strong>ad</strong></span> <span class='ocrx_word' id='word_1_147' title='bbox 415 2313 761 2375; x_wconf 88' lang='lat' dir='ltr'><strong>Dominum</strong></span> <span class='ocrx_word' id='word_1_148' title='bbox 782 2314 1195 2398; x_wconf 76' lang='lat' dir='ltr'><strong>confugiunt,</strong></span> <span class='ocrx_word' id='word_1_149' title='bbox 1223 2337 1455 2377; x_wconf 86' lang='lat' dir='ltr'><strong>exuere</strong></span> <span class='ocrx_word' id='word_1_150' title='bbox 1477 2362 1496 2387; x_wconf 87' lang='lat'><strong>,</strong></span> <span class='ocrx_word' id='word_1_151' title='bbox 1519 2326 1707 2398; x_wconf 83' lang='lat' dir='ltr'><strong>atque</strong></span> <span class='ocrx_word' id='word_1_152' title='bbox 1737 2315 2001 2379; x_wconf 87' lang='lat' dir='ltr'><strong>induere</strong></span> <span class='ocrx_word' id='word_1_153' title='bbox 2019 2315 2342 2377; x_wconf 87' lang='lat' dir='ltr'><strong>coelestem</strong></span> 
     </span>
     <span class='ocr_line' id='line_1_19' title="bbox 305 2413 2335 2501; baseline -0 -24"><span class='ocrx_word' id='word_1_154' title='bbox 305 2423 370 2477; x_wconf 72' lang='lat' dir='ltr'><strong>et</strong></span> <span class='ocrx_word' id='word_1_155' title='bbox 402 2433 641 2476; x_wconf 85' lang='lat' dir='ltr'><strong>novum</strong></span> <span class='ocrx_word' id='word_1_156' title='bbox 670 2413 1034 2490; x_wconf 90' lang='lat' dir='ltr'><strong>hominem,</strong></span> <span class='ocrx_word' id='word_1_157' title='bbox 1071 2414 1180 2499; x_wconf 89' lang='lat' dir='ltr'><strong>qui</strong></span> <span class='ocrx_word' id='word_1_158' title='bbox 1211 2427 1306 2478; x_wconf 84' lang='lat' dir='ltr'><strong>est</strong></span> <span class='ocrx_word' id='word_1_159' title='bbox 1336 2415 1648 2479; x_wconf 86' lang='lat' dir='ltr'><strong>Christus.</strong></span> <span class='ocrx_word' id='word_1_160' title='bbox 1686 2416 1856 2480; x_wconf 88' lang='lat' dir='ltr'><strong>Nihil</strong></span> <span class='ocrx_word' id='word_1_161' title='bbox 1892 2438 2042 2501; x_wconf 84' lang='lat' dir='ltr'><strong>ergo</strong></span> <span class='ocrx_word' id='word_1_162' title='bbox 2076 2433 2335 2487; x_wconf 91' lang='lat' dir='ltr'><strong>eorum,</strong></span> 
     </span>
     <span class='ocr_line' id='line_1_20' title="bbox 309 2517 2340 2605; baseline -0.002 -22"><span class='ocrx_word' id='word_1_163' title='bbox 309 2540 450 2605; x_wconf 78' lang='lat' dir='ltr'><strong>quae</strong></span> <span class='ocrx_word' id='word_1_164' title='bbox 481 2529 740 2582; x_wconf 88' lang='lat' dir='ltr'><strong>externa</strong></span> <span class='ocrx_word' id='word_1_165' title='bbox 770 2531 949 2592; x_wconf 83' lang='lat' dir='ltr'><strong>sunt,</strong></span> <span class='ocrx_word' id='word_1_166' title='bbox 989 2520 1219 2582; x_wconf 78' lang='lat' dir='ltr'><strong>laedere</strong></span> <span class='ocrx_word' id='word_1_167' title='bbox 1251 2531 1457 2605; x_wconf 87' lang='lat' dir='ltr'><strong>potest</strong></span> <span class='ocrx_word' id='word_1_168' title='bbox 1486 2518 1847 2593; x_wconf 88' lang='lat' dir='ltr'><strong>hominem,</strong></span> <span class='ocrx_word' id='word_1_169' title='bbox 1881 2518 1999 2583; x_wconf 84' lang='lat' dir='ltr'><strong>nisi</strong></span> <span class='ocrx_word' id='word_1_170' title='bbox 2027 2518 2138 2604; x_wconf 77' lang='lat' dir='ltr'><strong>‚qui</strong></span> <span class='ocrx_word' id='word_1_171' title='bbox 2169 2517 2340 2592; x_wconf 85' lang='lat' dir='ltr'><strong>vivit,</strong></span> 
     </span>
     <span class='ocr_line' id='line_1_21' title="bbox 309 2621 2460 2710; baseline -0.001 -23"><span class='ocrx_word' id='word_1_172' title='bbox 309 2634 638 2709; x_wconf 79' lang='lat' dir='ltr'><strong>operatur,</strong></span> <span class='ocrx_word' id='word_1_173' title='bbox 679 2634 745 2685; x_wconf 89' lang='lat' dir='ltr'><strong>et</strong></span> <span class='ocrx_word' id='word_1_174' title='bbox 782 2621 1025 2687; x_wconf 85' lang='lat' dir='ltr'><strong>habitat</strong></span> <span class='ocrx_word' id='word_1_175' title='bbox 1064 2623 1130 2686; x_wconf 91' lang='lat' dir='ltr'><strong>in</strong></span> <span class='ocrx_word' id='word_1_176' title='bbox 1164 2622 1354 2687; x_wconf 89' lang='lat' dir='ltr'><strong>corde</strong></span> <span class='ocrx_word' id='word_1_177' title='bbox 1392 2623 1649 2710; x_wconf 86' lang='lat' dir='ltr'><strong>spiritus</strong></span> <span class='ocrx_word' id='word_1_178' title='bbox 1693 2624 2118 2690; x_wconf 89' lang='lat' dir='ltr'><strong>tenebrarum.</strong></span> <span class='ocrx_word' id='word_1_179' title='bbox 2165 2622 2346 2701; x_wconf 88' lang='lat' dir='ltr'><strong>Quo·</strong></span> <span class='ocrx_word' id='word_1_180' title='bbox 2455 2622 2460 2631; x_wconf 77' lang='grc'><strong>“</strong></span> 
     </span>
    </p>

    <p class='ocr_par' dir='ltr' id='par_1_4' title="bbox 312 2725 2350 3005">
     <span class='ocr_line' id='line_1_22' title="bbox 312 2725 2347 2815; baseline 0.003 -25"><span class='ocrx_word' id='word_1_181' title='bbox 312 2725 481 2790; x_wconf 87' lang='lat' dir='ltr'><strong>circa</strong></span> <span class='ocrx_word' id='word_1_182' title='bbox 521 2726 956 2814; x_wconf 86' lang='lat' dir='ltr'><strong>unusquisque</strong></span> <span class='ocrx_word' id='word_1_183' title='bbox 1003 2727 1068 2792; x_wconf 92' lang='lat' dir='ltr'><strong>in</strong></span> <span class='ocrx_word' id='word_1_184' title='bbox 1106 2727 1595 2815; x_wconf 88' lang='lat' dir='ltr'><strong>cogitationibus</strong></span> <span class='ocrx_word' id='word_1_185' title='bbox 1634 2728 1761 2793; x_wconf 87' lang='lat' dir='ltr'><strong>suis</strong></span> <span class='ocrx_word' id='word_1_186' title='bbox 1799 2729 1990 2795; x_wconf 87' lang='lat' dir='ltr'><strong>debet</strong></span> <span class='ocrx_word' id='word_1_187' title='bbox 2023 2740 2347 2797; x_wconf 84' lang='lat' dir='ltr'><strong>certamen</strong></span> 
     </span>
     <span class='ocr_line' id='line_1_23' title="bbox 317 2831 2350 2925; baseline 0.002 -30"><span class='ocrx_word' id='word_1_188' title='bbox 317 2831 510 2908; x_wconf 88' lang='lat' dir='ltr'><strong>inire,</strong></span> <span class='ocrx_word' id='word_1_189' title='bbox 548 2844 619 2897; x_wconf 88' lang='lat' dir='ltr'><strong>ut</strong></span> <span class='ocrx_word' id='word_1_190' title='bbox 648 2832 973 2898; x_wconf 89' lang='lat' dir='ltr'><strong>illucescat</strong></span> <span class='ocrx_word' id='word_1_191' title='bbox 1011 2834 1191 2900; x_wconf 89' lang='lat' dir='ltr'><strong>cordi</strong></span> <span class='ocrx_word' id='word_1_192' title='bbox 1223 2834 1363 2921; x_wconf 89' lang='lat' dir='ltr'><strong>ejus</strong></span> <span class='ocrx_word' id='word_1_193' title='bbox 1401 2834 1709 2903; x_wconf 83' lang='lat' dir='ltr'><strong>Christus.</strong></span> <span class='ocrx_word' id='word_1_194' title='bbox 1753 2836 1872 2902; x_wconf 86' lang='lat' dir='ltr'><strong>Cui</strong></span> <span class='ocrx_word' id='word_1_195' title='bbox 1904 2836 2102 2925; x_wconf 87' lang='lat' dir='ltr'><strong>gloria</strong></span> <span class='ocrx_word' id='word_1_196' title='bbox 2134 2835 2200 2900; x_wconf 89' lang='lat' dir='ltr'><strong>in</strong></span> <span class='ocrx_word' id='word_1_197' title='bbox 2231 2856 2350 2899; x_wconf 61' lang='lat' dir='ltr'><strong>saa-</strong></span> 
     </span>
     <span class='ocr_line' id='line_1_24' title="bbox 319 2936 742 3005; baseline 0.005 -5"><span class='ocrx_word' id='word_1_198' title='bbox 319 2938 482 3002; x_wconf 86' lang='lat' dir='ltr'><strong>cula.</strong></span> <span class='ocrx_word' id='word_1_199' title='bbox 517 2936 742 3005; x_wconf 86' lang='lat' dir='ltr'><strong>Amen.</strong></span> 
     </span>
    </p>
   </div>
   <div class='ocr_carea' id='block_1_3' title="bbox 319 3178 2361 3211">
    <p class='ocr_par' dir='ltr' id='par_1_5' title="bbox 319 3178 2361 3211">
     <span class='ocr_line' id='line_1_25' title="bbox 319 3178 2361 3211; baseline 0.003 -13"><span class='ocrx_word' id='word_1_200' title='bbox 319 3178 1432 3205; x_wconf 54' lang='lat' dir='ltr'><strong>mmmmmmmmmmw·</strong></span> <span class='ocrx_word' id='word_1_201' title='bbox 1813 3183 2361 3211; x_wconf 51' lang='lat' dir='ltr'><strong>mmmm</strong></span> 
     </span>
    </p>
   </div>
   <div class='ocr_carea' id='block_1_4' title="bbox 1434 3184 1805 3207">
    <p class='ocr_par' dir='ltr' id='par_1_6' title="bbox 1434 3184 1805 3207">
     <span class='ocr_line' id='line_1_26' title="bbox 1434 3184 1805 3207; baseline 0 1678"><span class='ocrx_word' id='word_1_202' title='bbox 1434 3184 1805 3207; x_wconf 95' lang='lat' dir='ltr'><strong> </strong></span> 
     </span>
    </p>
   </div>
   <div class='ocr_carea' id='block_1_5' title="bbox 1676 3237 1694 3267">
    <p class='ocr_par' dir='ltr' id='par_1_7' title="bbox 1676 3237 1694 3267">
     <span class='ocr_line' id='line_1_27' title="bbox 1676 3237 1694 3267; baseline 0 -2"><span class='ocrx_word' id='word_1_203' title='bbox 1676 3237 1694 3267; x_wconf 65' lang='grc' dir='ltr'><em>Ο</em></span> 
     </span>
    </p>
   </div>
   <div class='ocr_carea' id='block_1_6' title="bbox 924 3354 1691 3425">
    <p class='ocr_par' dir='ltr' id='par_1_8' title="bbox 924 3354 1691 3425">
     <span class='ocr_line' id='line_1_28' title="bbox 924 3354 1691 3425; baseline 0 -2"><span class='ocrx_word' id='word_1_204' title='bbox 924 3418 931 3423; x_wconf 77' lang='grc'>.</span> <span class='ocrx_word' id='word_1_205' title='bbox 980 3354 1383 3423; x_wconf 89' lang='lat' dir='ltr'><strong>HOMILIA</strong></span> <span class='ocrx_word' id='word_1_206' title='bbox 1434 3356 1691 3425; x_wconf 85' lang='lat' dir='ltr'><strong>XLIII.</strong></span> 
     </span>
    </p>
   </div>
   <div class='ocr_carea' id='block_1_7' title="bbox 330 3549 2366 3759">
    <p class='ocr_par' dir='ltr' id='par_1_9' title="bbox 330 3549 2366 3759">
     <span class='ocr_line' id='line_1_29' title="bbox 330 3549 2366 3646; baseline 0.002 -30"><span class='ocrx_word' id='word_1_207' title='bbox 330 3550 441 3616; x_wconf 82' lang='lat' dir='ltr'><strong>De</strong></span> <span class='ocrx_word' id='word_1_208' title='bbox 456 3574 843 3646; x_wconf 76' lang='lat' dir='ltr'><strong>progressu</strong></span> <span class='ocrx_word' id='word_1_209' title='bbox 885 3551 1027 3619; x_wconf 78' lang='lat' dir='ltr'><strong>viri</strong></span> <span class='ocrx_word' id='word_1_210' title='bbox 1053 3550 1445 3631; x_wconf 64' lang='lat' dir='ltr'><strong>chris-ciani,</strong></span> <span class='ocrx_word' id='word_1_211' title='bbox 1480 3551 1672 3644; x_wconf 53' lang='grc' dir='ltr'><strong>σῴας</strong></span> <span class='ocrx_word' id='word_1_212' title='bbox 1705 3566 1853 3622; x_wconf 82' lang='lat' dir='ltr'><strong>tota</strong></span> <span class='ocrx_word' id='word_1_213' title='bbox 1884 3555 2001 3621; x_wconf 79' lang='lat' dir='ltr'><strong>vis</strong></span> <span class='ocrx_word' id='word_1_214' title='bbox 2026 3572 2123 3619; x_wconf 74' lang='lat' dir='ltr'><strong>ex</strong></span> <span class='ocrx_word' id='word_1_215' title='bbox 2150 3549 2366 3621; x_wconf 80' lang='lat' dir='ltr'><strong>corde</strong></span> 
     </span>
     <span class='ocr_line' id='line_1_30' title="bbox 678 3658 2019 3759; baseline -0.001 -26"><span class='ocrx_word' id='word_1_216' title='bbox 678 3658 1062 3759; x_wconf 80' lang='lat' dir='ltr'><strong>dependet,</strong></span> <span class='ocrx_word' id='word_1_217' title='bbox 1096 3678 1176 3735; x_wconf 81' lang='lat' dir='ltr'><strong>uc</strong></span> <span class='ocrx_word' id='word_1_218' title='bbox 1197 3661 1318 3734; x_wconf 78' lang='lat' dir='ltr'><strong>lzz&#39;c</strong></span> <span class='ocrx_word' id='word_1_219' title='bbox 1342 3665 1547 3731; x_wconf 81' lang='lat' dir='ltr'><strong>varie</strong></span> <span class='ocrx_word' id='word_1_220' title='bbox 1573 3660 2019 3732; x_wconf 78' lang='lat' dir='ltr'><strong>describitur.</strong></span> 
     </span>
    </p>
   </div>
   <div class='ocr_carea' id='block_1_8' title="bbox 407 3857 2365 4071">
    <p class='ocr_par' dir='ltr' id='par_1_10' title="bbox 407 3857 2365 4071">
     <span class='ocr_line' id='line_1_31' title="bbox 425 3857 2365 3955; baseline 0.006 -30"><span class='ocrx_word' id='word_1_221' title='bbox 425 3857 473 3925; x_wconf 91' lang='lat' dir='ltr'><strong>I.</strong></span> <span class='ocrx_word' id='word_1_222' title='bbox 529 3858 1012 3955; x_wconf 64' lang='lat' dir='ltr'><strong>Qunuanmonuu</strong></span> <span class='ocrx_word' id='word_1_223' title='bbox 1035 3864 1114 3928; x_wconf 89' lang='lat' dir='ltr'><strong>ab</strong></span> <span class='ocrx_word' id='word_1_224' title='bbox 1141 3864 1267 3954; x_wconf 91' lang='lat' dir='ltr'><strong>igni</strong></span> <span class='ocrx_word' id='word_1_225' title='bbox 1290 3867 1727 3934; x_wconf 86' lang='lat' dir='ltr'><strong>accenduntur</strong></span> <span class='ocrx_word' id='word_1_226' title='bbox 1748 3868 2026 3938; x_wconf 84' lang='lat' dir='ltr'><strong>lucernae</strong></span> <span class='ocrx_word' id='word_1_227' title='bbox 2048 3865 2266 3937; x_wconf 75' lang='lat' dir='ltr'><strong>multae</strong></span> <span class='ocrx_word' id='word_1_228' title='bbox 2297 3880 2365 3953; x_wconf 73' lang='lat' dir='ltr'><strong>et</strong></span> 
     </span>
     <span class='ocr_line' id='line_1_32' title="bbox 407 3999 1269 4071; baseline 0.003 -18"><span class='ocrx_word' id='word_1_229' title='bbox 407 4012 424 4053; x_wconf 60' lang='grc' dir='ltr'><strong><em>φ</em></strong></span> <span class='ocrx_word' id='word_1_230' title='bbox 454 3999 634 4057; x_wconf 72' lang='lat' dir='ltr'><strong>unuh.</strong></span> <span class='ocrx_word' id='word_1_231' title='bbox 660 4016 746 4061; x_wconf 79' lang='lat' dir='ltr'><strong>xv,</strong></span> <span class='ocrx_word' id='word_1_232' title='bbox 770 4016 848 4066; x_wconf 69' lang='grc' dir='ltr'><strong>ιι,</strong></span> <span class='ocrx_word' id='word_1_233' title='bbox 871 4009 923 4055; x_wconf 83' lang='lat' dir='ltr'><strong>et</strong></span> <span class='ocrx_word' id='word_1_234' title='bbox 945 4003 1062 4057; x_wconf 77' lang='lat' dir='ltr'><strong>Luc.</strong></span> <span class='ocrx_word' id='word_1_235' title='bbox 1087 4020 1162 4065; x_wconf 73' lang='lat' dir='ltr'><strong>vn,</strong></span> <span class='ocrx_word' id='word_1_236' title='bbox 1187 4005 1269 4071; x_wconf 66' lang='lat'><strong>36,</strong></span> 
     </span>
    </p>
   </div>
  </div>
 </body>
</html>
