2982 4885
737 443 864 510 288
1405 455 1454 499 s.
1509 450 1772 500 uacum
1804 445 2084 523 'maram

732 577 960 667 gloriae.
1001 571 1558 654 Quemadmodum
1589 572 1760 635 euim
1794 571 1919 635 illic
1954 569 2088 635 fixis
2122 571 2322 635 oculis
2356 561 2580 638 intueri
2608 572 2728 639 vut-

730 698 863 747 tum
911 680 1096 745 Mosis
1143 702 1270 744 nou
1301 677 1595 743 valebant
1626 674 1665 740 J
1673 675 1831 739 udaei
1851 702 1868 748 ;
1905 677 2130 741 eodem
2164 677 2355 740 modo
2389 701 2554 744 nunc
2587 679 2729 744 illam

728 788 990 876 gloriam
1037 784 1197 849 lucis
1240 783 1304 847 in
1352 781 1577 847 animis
1609 780 1926 868 recipiunt
1960 778 2296 845 Christiani
2328 805 2344 846 ε
2386 806 2457 849 ac
2487 785 2730 848 tenebrae

727 915 856 956 non
886 890 1155 955 ferentes
1188 887 1586 975 splendorem
1621 885 1806 960 lucis,
1845 896 2181 949 occoecatae
2213 885 2526 974 fugantur.
2562 889 2732 953 Porro

730 995 843 1071 illi,
891 994 1065 1080 quod
1107 1002 1315 1058 essent
1358 991 1632 1079 populus
1662 987 1806 1065 Dei,
1839 1000 1905 1053 et
1940 989 2424 1056 circumcisione
2457 1014 2736 1081 agnosce—

730 1102 998 1166 bantur:
1026 1095 1216 1163 modo
1233 1113 1383 1160 vero
1398 1095 1672 1183 populus
1694 1091 1812 1158 Dei
1834 1093 2196 1181 peculiaris,
2225 1094 2471 1184 siguum
2492 1095 2739 1161 circum-

729 1205 980 1272 cisionis
1005 1204 1174 1268 intus
1204 1202 1268 1267 in
1301 1202 1494 1266 corde
1525 1221 1639 1265 suo
1671 1198 1966 1286 suscepit.
1999 1198 2260 1265 Gladius
2292 1201 2464 1265 enim
2495 1199 2736 1267 coelestis

732 1320 1015 1397 amputat
1052 1305 1506 1373 abundantiam
1551 1304 1813 1378 mentis,
1849 1301 1971 1368 hoc
2005 1314 2124 1379 est,
2159 1304 2486 1392 impurum
2512 1325 2738 1394 praepu-

728 1417 889 1484 tium
929 1411 1195 1502 peccati.
1247 1411 1436 1499 Apud
1473 1410 1613 1475 illos
1655 1420 1791 1474 erat
1829 1407 2141 1498 baptisma
2184 1431 2448 1477 carnem
2485 1406 2739 1476 sanctifi-

730 1543 919 1588 cans:
959 1518 1127 1608 apud
1151 1540 1265 1582 nos
1287 1517 1435 1581 'vero
1461 1515 1775 1604 baptisma
1801 1514 2002 1578 sancti
2027 1512 2298 1602 Spiritus
2323 1529 2390 1581 et
2416 1514 2589 1603 ignis.
2615 1514 2738 1577 Hoc

729 1628 899 1693 enim
954 1623 1315 1715 praedicavit
1353 1620 1674 1687 Joannes:
1713 1648 1739 1681 ι
1759 1620 1898 1706 lpse
1930 1640 2039 1683 vos
2068 1618 2416 1706 baptizabit
2449 1620 2514 1684 in
2546 1628 2738 1684 sancto

730 1760 756 1793 n
775 1728 1014 1817 Spiritu
1043 1739 1108 1791 et
1139 1725 1267 1811 igni
1285 1724 1332 1788 ¹.
1361 1750 1385 1784 ι

738 1860 751 1866 ·
815 1832 890 1892 11.
946 1829 1041 1890 lbi
1075 1825 1553 1889 tabernaculum
1579 1823 1842 1885 interius
1864 1834 1930 1886 et
1951 1822 2258 1897 exteriusg
2286 1835 2481 1909 atque
2508 1827 2571 1891 in
2594 1824 2739 1915 prius

725 1951 973 2015 semper
1016 1926 1532 2013 ingrediebantur
1574 1926 1964 2000 sacerdotes,
2001 1926 2244 1990 cultum
2286 1926 2574 1992 divinum
2623 1951 2736 2017 per·

728 2041 1014 2120 agentes;
1051 2029 1116 2093 in
1148 2030 1499 2092 secundum
1519 2040 1740 2112 ‚autem
1775 2030 1972 2093 semel
2002 2028 2065 2092 in
2087 2051 2253 2094 ,anno
2280 2030 2455 2094 solus
2481 2032 2736 2118 pontifex

722 2157 871 2201 cum
904 2134 1235 2222 sanguine3
1263 2160 1287 2192 ι
1311 2133 1445 2198 Hoc
1477 2130 1870 2221 significante
1903 2146 2121 2198 sancto
2153 2133 2396 2222 Spiritu
2418 2183 2436 2209 ,
2473 2139 2733 2202 nondum

716 2240 1217 2308 »manifestatam
1249 2261 1383 2303 esse
1406 2249 1769 2302 sanctorum
1802 2236 2034 2302 viam².
2067 2266 2092 2298 n
2129 2236 2250 2304 Hic
2285 2259 2463 2316 vero,
2500 2242 2598 2328 qui
2625 2262 2732 2305 me·

716 2358 1004 2422 ruerunt,
1041 2343 1477 2433 ingrediuntur
1508 2343 1569 2405 in
1605 2364 1729 2405 non
1772 2341 2209 2406 manufactum
2240 2343 2721 2416 tabernaculum,

713 2479 839 2546 quo
867 2472 1219 2545 praecursor
1248 2471 1363 2538 pro
1395 2447 1578 2512 nobis
1608 2447 1843 2511 introiit
1872 2446 2179 2512 ChristuS.
2214 2446 2541 2538 Scriptum
2567 2447 2725 2515 estin

713 2568 893 2649 lege:
938 2587 963 2619 ι
991 2559 1072 2622 Ut
1114 2557 1405 2620 sacerdos
1452 2553 1720 2642 accipiat
1758 2554 1911 2617 duas
1961 2554 2325 2629 columbas,
2382 2569 2447 2621 et
2495 2559 2726 2621 alteram

718 2662 1021 2751 »quidem
1064 2660 1353 2731 mactet,'
1381 2671 1669 2745 aspergat
1712 2682 1860 2723 vero
1905 2657 2105 2723 vivam
2137 2659 2445 2748 sanguiue
2483 2661 2639 2748 ejus,
2671 2668 2726 2720 et

717 2801 742 2833 n
764 2766 1039 2833 dimittat
1065 2764 1329 2827 liberam
1353 2764 1619 2827 evolare.
1643 2792 1667 2822 1·
1685 2762 1924 2830 Verum
1949 2765 2120 2851 quod
2145 2763 2365 2843 fiebat,
2402 2780 2582 2855 typus
2607 2773 2725 2829 erat

715 2889 779 2941 et
826 2870 1054 2936 umbra
1104 2866 1401 2931 veritatis.
1461 2867 1712 2932 Etenim
1760 2869 2046 2935 Christus
2093 2872 2452 2939 immolatus
2501 2884 2617 2946 est,
2669 2878 2724 2931 et

714 2976 964 3064 sanguis
985 2971 1125 3059 ejus
1151 2994 1264 3035 nos
1288 2993 1644 3061 aspergens,
1670 2972 1842 3048 fecit,
1870 2988 1940 3040 ut
1966 2988 2368 3042 nascerentur
2393 2975 2569 3038 uobis
2591 2976 2717 3038 alae.

707 3081 896 3149 Dedit
917 3078 1088 3143 enim
1111 3077 1291 3141 nobis
1315 3078 1442 3141 alas
1463 3076 1731 3165 Spiritus
1755 3081 1955 3146 sancti
1981 3083 2060 3146 ad
2082 3081 2415 3146 volandum
2441 3078 2576 3143 sine
2598 3078 2724 3141 ullo

704 3184 1156 3274 impedimento
1182 3181 1244 3244 in
1270 3185 1480 3245 ae'rem
1507 3181 1816 3249 divinum.

797 3292 905 3357 111.
960 3289 1087 3355 Illis
1119 3288 1262 3351 data
1293 3298 1386 3350 est
1423 3289 1554 3362 lex,
1589 3287 1654 3350 in
1685 3289 1913 3354 tabulis
1947 3290 2178 3379 scripta
2211 3290 2508 3379 lapideis;
2547 3287 2718 3354 nobis

710 3420 857 3461 vero
888 3399 1054 3482 logos
1087 3391 1437 3482 spirituales
1467 3391 1697 3457 tabulis
1736 3393 1942 3460 cordis
1976 3395 2291 3483 inscriptae
2322 3396 2580 3460 carneis.
2621 3393 2716 3456 In-

708 3503 844 3588 quit
873 3499 1082 3562 enim:
1119 3523 1144 3553 «
1166 3495 1335 3559 Dans
1382 3496 1549 3584 leges
1597 3519 1770 3563 meas
1798 3498 1863 3562 in
1893 3499 2193 3564 cordibus
2226 3499 2503 3570 illorum,
2551 3507 2616 3559 et
2659 3494 2720 3558 in

705 3635 729 3668 ι
750 3603 1066 3671 mentibus
1096 3621 1316 3665 eorum
1357 3600 1694 3667 inscribam
1727 3601 1892 3668 oas'.
1926 3630 1950 3664 ι
1977 3604 2057 3667 Et
2090 3604 2195 3669 illa
2227 3602 2480 3690 quidem
2513 3597 2717 3665 omnia

704 3708 1118 3776 abolebantur
1139 3716 1203 3771 et
1226 3719 1630 3794 temporanea
1654 3720 1869 3772 erant:
1900 3729 2075 3773 nunc
2097 3720 2312 3774 autem
2336 3717 2565 3798 cuncta
2586 3724 2716 3771 vere

704 3819 767 3887 in
793 3812 1073 3879 interiori
1094 3812 1352 3879 homine
1364 3810 1782 3901 perficiuntur
1803 3835 1817 3878 :
1845 3813 2328 3880 Testamentum
2348 3815 2517 3880 enim
2540 3812 2712 3878 etiam

771 3962 786 3992 ⁸
819 3948 996 4003 Βοιὼ.
1017 3962 1098 4007 ιιι,
1125 3963 1202 3997 ιι.
1228 3973 1289 3988 -
1311 3961 1330 3985 ·
1358 3944 1519 3997 Hebr.
1542 3918 1610 4027 ix}
1632 3945 1681 4003 8.
1713 3974 1772 4013 .·..·
1796 3949 1818 3983 ⁸
1842 3948 2022 4006 Jerem.
2053 3931 2189 4012 x'xxi,
2211 3949 2294 4000 δι.
