2982 4885
733 537 864 623 >494
1398 536 1405 539 ⁴
1535 543 1585 584 s.
1642 538 1994 586 PHILASTRH

733 669 1094 759 complebat
1138 661 1495 754 praesentia,
1543 660 1807 725 dicens:
1855 686 1878 718 ι
1904 655 2129 723 Omnis
2174 653 2285 742 qni
2331 678 2410 753 ear
2452 655 2575 725 hac
2625 683 2783 749 aqua

731 775 1012 845 terrestri
1051 770 1318 841 biberit,
1364 788 1617 831 rursum
1643 765 1807 828 sitiet
1837 786 1851 826 ε
1896 766 1972 827 de
2005 784 2166 847 aqua
2193 775 2408 827 autem
2440 786 2638 850 quam
2675 790 2788 854 ego

738 884 842 949 »ei
875 883 1136 952 dedero,
1176 868 1231 943 si
1265 871 1523 944 biberit,
1561 892 1691 935 non
1716 869 1882 935 sitiet
1925 869 1992 933 in
2027 880 2363 943 aeternum,
2406 872 2512 935 sed
2556 872 2690 936 erit
2733 871 2787 937 ei

740 1018 767 1050 ι
784 987 1013 1053 saliens
1040 985 1102 1049 in
1127 982 1317 1047 vitam
1340 974 1705 1043 aeternam&
1730 1004 1754 1036 ι
1794 972 2052 1062 Quippe
2082 973 2202 1039 erit
2233 974 2431 1060 gratia
2457 974 2787 1044 christiani

736 1091 1036 1181 baptismi
1100 1084 1388 1154 salutaris
1456 1082 1738 1148 humano
1783 1077 1999 1167 generi
2055 1100 2361 1145 concessa
2417 1102 2454 1145 a
2504 1079 2812 1149 Domino·

740 1197 1092 1267 salvatore.

1061 1402 1212 1457 XXI
1249 1396 1564 1451 nAERssms
1599 1396 1689 1446 ΟΒ
1727 1394 1994 1446 AENEUM
2029 1394 2452 1447 SERPENTBM.

746 1572 753 1581 ’
836 1579 1113 1644 llfflnsssts
1135 1586 1228 1638 est
1252 1594 1508 1660 quoque
1530 1570 1594 1635 in
1617 1565 1880 1644 «Iudaeis,
1905 1590 2042 1656 quae
2069 1552 2346 1658 serpenti
2371 1567 2782 1645 sacrificabat,

752 1700 817 1752 et
860 1706 1058 1772 usque
1091 1684 1169 1745 ad
1202 1676 1540 1743 Ezechiam
1571 1698 1786 1765 regem
1825 1672 1862 1738 J
1872 1675 2200 1741 udaeorum
2234 1674 2582 1743 eamdem
2565 1677 2786 1765 impio-

754 1803 945 1854 tatem
995 1782 1399 1850 celebrabat.
1452 1778 1743 1868 Serpenti
1798 1778 1968 1844 enim
2026 1781 2087 1843 in
2136 1779 2315 1845 libris
2359 1781 2780 1873 Regnorum&

746 1917 944 1980 usque
977 1894 1056 1955 ad
1086 1888 1420 1951 Ezechiam
1457 1884 1856 1949 sacrificabat
1888 1908 2055 1949 aereo
2088 1888 2356 1973 populus
2383 1884 2781 1959 «Iudaeorum,

750 2020 939 2085 quem
954 1995 1199 2080 Moyses
1216 1994 1424 2057 facere
1441 1991 1652 2076 jussus
1667 1990 1874 2054 suerat
1898 1990 1961 2054 in
1972 1991 2139 2055 exitu
2155 1990 2336 2055 lsrael
2348 1992 2424 2053 de
2439 1989 2721 2078 AEgypto
2735 1990 2782 2063 ’ς

751 2126 899 2170 cum
934 2124 966 2166 a
999 2098 1394 2186 serpentibus
1428 2098 1876 2160 morderentur
1909 2096 1947 2159 J
1955 2097 2115 2162 udaei
2148 2108 2654 2172 murmurantes,
2694 2110 2785 2162 at-

742 2232 887 2297 que
912 2206 1272 2294 deperirent
1316 2203 1565 2288 inique,
1597 2202 1786 2287 jussit
1817 2202 2128 2267 Dominus
2166 2213 2236 2265 ut
2273 2200 2511 2269 faceret
2545 2202 2780 2289 Moyses

752 2328 1119 2405 serpentem
1165 2333 1435 2384 aereum,
1486 2332 1560 2375 ac
1608 2309 2024 2394 suspenderet
2061 2309 2303 2375 eumin
2334 2309 2546 2379 medio
2573 2310 2778 2398 populi

744 2448 941 2514 supra
967 2414 1237 2510 lignum‘,
1259 2416 1445 2504 etqui
1473 2414 1884 2484 intuebantur
1908 2414 1973 2479 in
1997 2434 2167 2489 eum,
2197 2415 2648 2482 salvabantura
2665 2417 2780 2503 pla-

750 2533 843 2620 gis
875 2541 1062 2614 atque
1091 2523 1348 2592 diversis
1382 2520 1765 2587 vulneribus.
1800 2521 1897 2588 Illi
1928 2543 2078 2608 ergo
2100 2521 2379 2609 serpenti
2401 2543 2564 2587 ιιι-ει)
2592 2543 2777 2608 usque

751 2635 832 2702 ad
846 2654 1062 2720 regem
1086 2628 1421 2694 Ezechiam
1441 2624 1836 2691 sacrificabat
1858 2624 1896 2690 J
1901 2626 2227 2692 udaeorum
2249 2629 2543 2715 populus,
2568 2627 2782 2693 sorma-

748 2740 955 2812 §iones
998 2735 1189 2802 etiam
1232 2733 1296 2796 in
1343 2732 1551 2819 lapide
1588 2753 1853 2819 magno,
1912 2734 2100 2803 velut,
2129 2733 2460 2809 obelisco,
2507 2735 2615 2820 qui
2656 2746 2786 2798 erat

752 2844 814 2907 in
852 2842 1089 2927 templo
1121 2838 1359 2926 positus
1391 2860 1508 2924 pro
1545 2839 1866 2910 columna,
1905 2848 1971 2900 et
2005 2838 2069 2902 in
2100 2860 2180 2910 eo
2209 2838 2544 2906 incisiones
2576 2851 2641 2902 et
2675 2838 2787 2902 im-

749 2945 1103 3035 pressiones
1148 2965 1343 3007 manu
1381 2943 1738 3017 hominum,
1785 2954 1850 3005 et
1882 2954 1954 3005 ut
1985 2942 2339 3007 litterarum
2371 2942 2793 3029 quarumdam

744 3054 1102 3140 sculpentes
1124 3050 1329 3115 Judaei
1345 3098 1362 3123 ‚
1388 3062 1455 3113 et
1477 3050 1782 3112 formulas
1806 3049 2080 3114 diversas
2106 3052 2417 3122 tollentes,
2444 3062 2510 3113 et
2532 3071 2788 3136 ponen-

748 3174 842 3226 tes
865 3160 928 3223 in
954 3159 1211 3232 lamina,
1241 3156 1613 3242 bajulabant
1643 3155 1706 3218 in
1738 3156 1943 3220 collo:
1985 3157 2441 3222 incantationes
2464 3157 2658 3222 etiam
2683 3159 2791 3221 do-

746 3279 988 3342 ceum,
1005 3277 1068 3329 et
1088 3265 1258 3329 velut
1282 3258 1674 3348 phylacteria
1694 3259 2024 3335 hahentes,
2043 3261 2171 3327 imo
2191 3262 2402 3349 potius
2422 3276 2788 3328 exercentes

740 3369 1081 3444 maleficia,
1137 3369 1357 3433 eadem
1404 3364 1870 3452 percolebant,‘
1901 3379 2090 3454 atque
2133 3367 2278 3433 inde
2323 3367 2683 3456 alligaturas
2729 3378 2795 3432 et

748 3477 1055 3543 tutamina
1097 3493 1211 3536 suo
1236 3464 1578 3558 portabant
1606 3482 1673 3536 et
1700 3483 1957 3558 portant
1983 3472 2048 3536 in
2079 3484 2367 3562 pectore,-
2400 3493 2546 3557 quae
2575 3470 2794 3537 Domi-

747 3593 867 3651 ‘nus
896 3582 1133 3668 ubique
1174 3578 1240 3643 in
1284 3577 1452 3667 Lege
1490 3589 1781 3644 vetuerat
1799 3577 1966 3653 fieri,
2003 3567 2149 3667 quia
2185 3593 2436 3667 paganae
2482 3577 2797 3658 caecitatis

745 3691 881 3755 haec
925 3700 1062 3752 erat
1110 3685 1419 3773 impietas.
1488 3686 1615 3750 Has
1664 3684 1853 3772 igitur
1888 3687 2288 3758 beatissimus
2325 3681 2629 3750 Ezechias
2677 3702 2797 3747 rex

742 3794 1187 3883 impressiones
1211 3791 1338 3856 sive
1361 3792 1746 3878 sculptiones
1774 3792 1970 3857 deleri
1993 3792 2198 3879 jussit,
2234 3804 2425 3879 atque
2452 3790 2621 3856 ferre
2651 3783 2794 3853 radi

743 3899 998 3990 penitus
1038 3910 1227 3983 atque
1254 3895 1591 3968 exscendi;
1627 3919 1867 3962 aereum
1911 3897 2104 3966 etiam
2147 3909 2511 3985 serpentem
2555 3891 2795 3984 deponi

805 4064 822 4088 ι
850 4050 999 4101 Joan.
1022 4065 1094 4111 xv,
1116 4051 1199 4108 ιδ,
1223 4060 1299 4107 14.
1331 4075 1394 4090 -
1417 4062 1438 4087 ⁸
1467 4049 1504 4109 4
1527 4048 1645 4115 Reg-
1667 4065 1818 4113 xvm,
1841 4051 1893 4111 4.
1916 4078 1980 4090 -
2002 4053 2021 4087 ⁸
2048 4050 2193 4103 Nm
2219 4067 2327 4113 m,
2349 4069 2402 4117 9.
