2982 4885
1136 478 1393 529 ιιοιιιιιι
1441 483 1523 530 xx.
2258 456 2348 559 §S

310 597 613 693 Spiritus,
641 609 810 662 totus
833 596 1094 663 omnino
1116 600 1364 687 patiens
1394 601 1518 669 sit.
1543 598 2088 690 quemadmodum
2116 600 2204 667 ait
2224 600 2350 667 Do-

310 702 730 775 minus.«1n
755 702 1054 793 patientia
1085 716 1289 770 vestra
1324 705 1692 795 possideatis
1717 705 1955 779 animas
1979 703 2257 770 vestras¹
2268 733 2331 770 ,ι

309 811 391 876 Et
415 832 707 876 rursum·
750 838 773 868 ι
799 810 1081 889 Quaerite
1107 812 1386 902 primum
1418 836 1684 902 regnum
1715 811 1858 889 Dei,
1880 824 1944 877 et
1966 810 2103 876 haee
2128 808 2342 875 omnia

306 945 339 980 x
356 916 732 1004 adjicientur
755 910 981 982 vobis²
990 967 1006 984 .
1039 946 1064 978 n

390 1020 503 1103 XI.
558 1021 729 1087 Fieri
762 1035 973 1088 antem
994 1036 1223 1113 potest,
1258 1038 1330 1091 ut
1360 1025 1500 1127 quis
1529 1025 1620 1091 sic
1643 1026 2000 1107 decertans
2037 1035 2103 1088 et
2134 1019 2342 1088 conti-

304 1148 434 1192 nuo
458 1125 576 1192 sihi
608 1129 964 1205 attendens,
996 1129 1122 1195 sive
1158 1131 1221 1197 in
1247 1122 1569 1221 precibus,
1598 1131 1727 1198 sive
1762 1132 1826 1196 in
1854 1116 2188 1219 obsequio,
2216 1126 2345 1192 sive

306 1230 369 1317 in
409 1253 601 1323 opere
632 1256 1038 1324 quocumque
1070 1240 1421 1304 secundum
1455 1238 1665 1308 Deum
1689 1235 2125 1328 perficiendo,
2164 1246 2347 1298 tene-

301 1337 449 1456 bras
500 1340 963 1431 malitiosorum
1027 1345 1388 1412 daemouum
1455 1344 1734 1437 effugere
1794 1344 2010 1436 possit.
2076 1339 2344 1415 Animus

302 1442 517 1530 enim,
544 1445 652 1535 qui
684 1470 719 1511 a
749 1447 843 1511 sni
874 1450 1376 1537 perscrutatione
1407 1463 1473 1515 et
1502 1448 1902 1539 indagatione
1927 1445 2186 1514 Domini
2209 1463 2340 1508 non

306 1525 583 1623 desistit,
613 1550 892 1617 animam
924 1576 1103 1617 suam
1122 1555 1445 1643 possidere
1469 1566 1717 1657 potest,
1744 1576 1884 1641 quae
1916 1549 2109 1615 animi
2129 1558 2341 1612 motus

300 1649 698 1740 pedetentim
725 1653 993 1731 amittit,
1030 1657 1184 1735 dum
1211 1681 1278 1724 so
1308 1658 1518 1748 ipsum
1549 1658 1856 1755 violenter
1887 1675 2137 1747 semper
2161 1658 2348 1738 atque

300 1746 597 1847 prompte
628 1758 947 1848 captivum
974 1760 1246 1847 ducitad
1274 1763 1662 1838 Dominum,
1690 1775 1754 1828 et
1785 1761 1873 1831 illi
1892 1758 2008 1849 soli
2029 1757 2335 1839 adhaeret.

300 1875 372 1941 Ut
401 1862 643 1941 filetum
676 1879 811 1945 est.
860 1893 885 1925 α
911 1866 1237 1958 Captivam
1268 1871 1576 1959 ducentes
1598 1891 1857 1935 omnem
1881 1852 2340 1956 cogitationem

298 1994 325 2029 ι
345 1968 426 2033 ad
446 1968 875 2059 obediendum
906 1974 1211 2061 Christo⁸
1240 2000 1311 2041 x»
1342 1989 1417 2042 ut
1441 2000 1558 2067 per
1587 1954 1958 2066 hujusmodi
1986 1983 2335 2069 certamen,

282 2060 681 2175 ¹desiderium
720 2091 784 2169 et
812 2078 1282 2174 indagationem
1310 2108 1495 2167 mens
1518 2083 1704 2181 digua
1736 2082 2064 2173 reddatur,
2090 2098 2230 2197 quae
2261 2072 2343 2153 sit

299 2201 445 2279 cqm
468 2182 786 2277 Domino
770 2210 833 2251 ιιι
864 2212 1065 2265 unum
1087 2184 1398 2295 Spiritum
1422 2136 1622 2273 doni‘²
1598 2203 1664 2255 et
1701 2184 1914 2281 gratiae
1948 2181 2209 2257 Christi,
2243 2199 2339 2244 re-

297 2287 675 2376 quiescens
654 2290 721 2353 in
739 2314 886 2357 vase
918 2295 1164 2370 animae,
1187 2297 1267 2371 ad
1295 2319 1485 2375 omne
1514 2296 1758 2377 bonum
1778 2315 1922 2359 eam
1946 2283 2338 2359 adornantis,

298 2410 421 2455 nec
439 2389 567 2454 ulla
583 2366 914 2480 afficientis
928 2397 1311 2476 contumelia
1326 2398 1633 2486 Spiritum
1645 2396 1927 2469 Domini,
1950 2416 2074 2460 suae
2088 2385 2339 2460 libidini

299 2487 835 2585 obtemperando,
861 2510 1047 2588 atque
1070 2500 1262 2587 hujus
1295 2500 1507 2565 saeculi
1542 2497 2065 2588 occupationibus
2089 2507 2197 2558 aut
2220 2492 2334 2556 ho-

299 2602 591 2696 neribus,
613 2616 720 2672 aut
740 2604 1172 2702 dignitatibus,
1200 2620 1309 2688 aut
1330 2607 1604 2698 propriis
1624 2631 1661 2674 o
1710 2602 2052 2675 inionibus,
2081 2609 2188 2662 aut
2210 2616 2344 2659 car-

298 2709 549 2802 nulibus
578 2713 1029 2800 voluptatibus,
1067 2727 1179 2780 aut
1205 2714 1646 2805 improborum
1663 2632 2052 2800 bominum
2032 2687 2336 2779 sodalitiis

302 2826 366 2894 qt
397 2787 673 2906 collegiis
704 2816 1104 2898 adhaerendo,

386 2917 533 2990 XII
585 2921 876 3012 ¹Amahile
899 2926 1071 3011 euim
1103 2939 1197 3008 est
1228 2905 1554 3024 quippiam
1586 2924 1820 3012 anima,
1854 2943 1996 3009 quae
2026 2929 2157 2994 tota
2195 2933 2336 2992 om-

300 3023 452 3089 nino
484 3049 550 3090 se
586 3027 788 3115 ipsam
826 3031 1100 3097 Domino
1134 3019 1543 3108 consecrans,
1578 3032 1794 3121 illique
1825 3028 1940 3116 soli
1966 3022 2332 3114 adhaerens,

302 3128 367 3194 in
394 3130 534 3218 ejus
563 3138 877 3202 mandatis
901 3139 1035 3204 sine
1069 3141 1197 3203 ulla
1232 3140 1548 3205 oblivione
1563 3131 1947 3209 ambulans,
1982 3146 2171 3219 atque
2200 3123 2337 3215 Spi-

302 3232 495 3301 ritum
537 3237 772 3305 Christi
813 3244 1251 3310 advenientem
1276 3295 1294 3321 ,
1338 3259 1401 3310 et
1439 3244 1932 3311 obumbrantem
1978 3245 2341 3303 reverenter

303 3339 619 3409 honorans
645 3346 833 3436 digua
857 3348 1152 3426 habetur,
1187 3364 1260 3416 ut
1284 3374 1430 3416 cum
1462 3352 1600 3441 ipso
1623 3373 1787 3415 unus
1821 3345 2099 3435 spiritus,
2129 3353 2194 3407 et
2218 3363 2343 3406 una

304 3467 506 3512 massa
530 3447 659 3516 fiat.
701 3452 881 3520 Sicut
902 3455 1107 3544 inquit
1128 3457 1504 3544 Apostolus:
1539 3485 1565 3518 ι
1584 3458 1714 3536 Qui
1731 3456 2012 3520 adhaeret
2038 3447 2339 3525 Domino,

304 3576 510 3621 »unus
540 3559 797 3647 spiritus
831 3574 926 3628 est
956 3562 1002 3629 ⁴.
1041 3593 1066 3625 ι
1112 3564 1179 3630 Si
1216 3564 1355 3652 quis
1383 3586 1536 3628 vero
1560 3587 1627 3628 se
1661 3563 1868 3651 ipsum
1899 3560 2106 3625 tradat
2136 3559 2339 3635 curis,

310 3670 420 3720 aut
462 3663 703 3746 glorioe,
750 3680 861 3733 aut
901 3669 1347 3758 dignitatibuS,
1401 3681 1514 3734 aut
1549 3667 1869 3732 honorum
1909 3667 2342 3736 humanorum

307 3783 534 3828 curam
575 3766 803 3839 habeat
837 3823 856 3848 ,
917 3787 981 3840 et
1026 3775 1164 3841 haec
1210 3776 1490 3842 studiose
1532 3771 1824 3864 quaerat':
1870 3771 2085 3859 sicque
2136 3769 2345 3835 anima

306 3865 366 3955 ej
376 3889 449 3931 us
468 3872 729 3936 terrenis
753 3878 1238 3965 cogitationibus
1254 3882 1742 3948 commisceatur
1760 3891 1868 3944 aut
1885 3875 2339 3950 confundatur,

372 4015 394 4041 ¹
423 4002 548 4056 Luc.
569 4020 675 4069 xxx,
704 4022 786 4073 ²9·
808 4034 870 4049 —
889 4023 910 4048 ⁸
933 4012 1114 4069 nauh.
1134 4033 1207 4080 νι,
1237 4019 1319 4069 33.
1338 4011 1400 4061 '-
1423 4020 1446 4057 ⁸
1469 4035 1496 4070 ι
1526 4018 1648 4068 Gor.
1678 4033 1735 4079 x,
1760 4019 1812 4067 ⁵.
1832 4044 1896 4055 —
1930 4020 1953 4058 ⁴
1980 4030 2001 4066 ι
2025 4013 2149 4065 Cor.
2167 4027 2239 4071 vn,
2264 4023 2338 4073 ι7·
