2982 4885
644 460 778 536 333
1323 478 1374 520 ι.
1428 474 1695 521 nunu
1735 472 2007 521 aarum

640 604 769 670 illle
801 618 989 665 nemo
1018 603 1268 685 poterat
1302 591 1637 658 intendere
1679 593 1900 658 oculos
1930 590 1995 661 in
2022 584 2214 657 Mesia
2249 586 2518 660 saeiem¹
2544 621 2564 672 ς
2589 597 2676 665 sie

633 720 697 775 et
732 726 907 771 nuno
936 697 1447 789 resplendentem
1471 697 1539 761 in
1568 688 1775 762 anima
1806 696 2145 763 christiana
2185 696 2512 786 ejusmodi
2536 703 2677 790 gle-

635 815 793 880 viam
816 808 1096 876 tenebrae
1128 804 1473 871 affectuum
1510 827 1638 869 non
1672 805 2020 870 sustinent:
2048 806 2161 870 sed
2191 804 2271 871 ab
2304 806 2415 873 mo
2440 808 2677 878 abacta

633 919 877 1007 fulgore
898 911 1258 1001 diffugiunt.

723 1022 935 1091 XXII.
967 1020 1065 1094 Ei,
1103 1017 1211 1104 qui
1233 1016 1568 1081 veritatem
1599 1028 1663 1080 et
1695 1015 1901 1080 Deum
1929 1028 2098 1081 amat
2118 1067 2134 1092 ,
2171 1017 2408 1106 quique
2447 1022 2670 1089 coeles-

637 1142 767 1195 tem
788 1125 1190 1194 dulcedinem
1215 1120 1512 1210 gustavit,
1540 1133 1605 1185 et
1630 1120 1882 1186 insitam
1909 1134 2396 1210 concretumque
2423 1126 2675 1213 penitus

635 1226 856 1302 animae
889 1230 1168 1321 possidet
1199 1227 1488 1316 gratiam,
1518 1238 1854 1314 totumque
1885 1250 1952 1292 se
1982 1228 2254 1293 arbitriis
2280 1229 2498 1316 gratia
2519 1255 2678 1319 per-

635 1339 805 1407 misit
834 1360 849 1402 t
884 1334 1099 1401 omnia
1130 1333 1342 1398 saeculi
1372 1330 1564 1418 hujus
1598 1354 1784 1397 exosa
1807 1346 1974 1398 sunt.
2006 1332 2397 1399 praestantior
2426 1338 2677 1426 quippe

636 1444 741 1512 hic
757 1457 822 1508 et
838 1442 1128 1531 superior
1149 1451 1245 1504 est
1261 1436 1771 1525 quibuscumque
1794 1438 2016 1521 mundi
2039 1440 2264 1514 rebus3
2293 1438 2415 1505 sive
2438 1463 2672 1509 aurum

635 1549 899 1623 dixeris,
933 1547 1061 1612 sive
1106 1556 1472 1632 argentum:
1519 1543 1650 1608 sive
1706 1544 1984 1609 honores
2035 1557 2099 1609 et
2145 1545 2507 1633 dignitates,
2542 1549 2675 1615 sive

632 1652 1206 1744 congratulationes
1237 1662 1303 1714 et
1331 1650 1552 1713 laudes
1569 1674 1587 1722 ;
1624 1652 1799 1714 nulle
1830 1650 2051 1715 talium
2083 1652 2221 1740 capi
2254 1665 2483 1740 potest,
2508 1676 2672 1741 quo-

630 1761 800 1826 niam
827 1760 1087 1823 aliarum
1103 1757 1288 1841 longe
1306 1753 1692 1828 divitiarum,
1713 1756 1968 1819 alterius
1978 1758 2443 1824 excellentioris
2466 1760 2668 1848 digni-

633 1867 776 1932 tatis
788 1877 1040 1951 gustum
1056 1860 1436 1948 experiendo
1450 1860 1762 1946 percepit,
1789 1872 1855 1925 et
1874 1864 2664 1955 voluptateincorrnptibili

632 1970 834 2035 anima
870 1967 1012 2053 ejus
1045 1965 1234 2028 alitur
1248 1988 1268 2038 ς
1313 1985 1627 2048 sensuque
1673 1963 1896 2029 intimo
1934 1988 2006 2030 ac
2044 1973 2443 2054 possessione
2483 1973 2657 2037 beata

629 2056 1111 2140 communicetis
1150 2069 1229 2133 ab
1283 2067 1677 2134 inhabitante
1724 2069 1839 2158 ipsi
1881 2069 2117 2160 Spiritu
2176 2074 2414 2145 fruitur
2455 2078 2653 2145 bonis.

714 2177 957 2244 XXIII.
1003 2173 1208 2262 Hujus
1240 2184 1409 2238 tanta
1449 2185 1546 2238 est
1582 2197 1771 2262 supra
1801 2178 2091 2265 vulgares
2126 2178 2423 2249 hemines
2457 2185 2667 2249 excel-

625 2284 814 2353 lentia
846 2332 862 2357 ‚
896 2293 1204 2371 quantum
1256 2279 1502 2345 ratione
1548 2281 1852 2368 praeditus
1905 2296 2122 2371 pastor
2174 2289 2414 2354 eminet
2475 2312 2665 2379 snpra

627 2392 848 2459 brutas
873 2389 1172 2479 pecudes3
1200 2398 1472 2462 tantum,
1509 2385 1789 2474 inquam,
1810 2389 2063 2456 antistat
2091 2395 2446 2464 mortalium
2482 2410 2670 2463 caeto-

629 2500 717 2564 rie
744 2495 1071 2584 sapientia,
1105 2493 1387 2567 scientia,
1417 2493 1803 2560 discretione
1832 2522 1850 2568 ε
1892 2498 2123 2587 qnippe
2158 2500 2260 2579 qni
2298 2500 2486 2562 alium
2517 2504 2671 2586 spi-

630 2602 859 2673 ritum,
896 2599 1083 2664 uliam
1133 2609 1450 2669 mentem,
1486 2597 1673 2662 aliam
1714 2603 2115 2688 prudentiam
2147 2625 2215 2668 ac
2247 2603 2615 2692 sapientiam
2642 2657 2664 2682 ,

628 2725 819 2793 qnam
862 2698 1194 2790 prudentia
1233 2699 1598 2777 mundiest,
1646 2706 1940 2792 possidet.
1970 2735 1995 2767 α
2033 2709 2415 2798 Sapientiam
2443 2710 2618 2775 enim
2644 2764 2665 2790 ‚

626 2837 654 2874 ι
674 2804 1234 2897 inquit,loquimur
1258 2805 1424 2872 inter
1451 2810 1796 2896 perfectos,
1830 2815 2198 2899 sapientiam
2226 2835 2375 2882 vero
2407 2842 2534 2883 non
2548 2819 2667 2888 hu·

620 2943 654 2980 ι
671 2916 772 3003 jus
797 2912 1006 2978 soeculi
1014 2939 1032 2988 3
1047 2934 1252 2999 neque
1269 2913 1626 3004 principum
1643 2916 1832 3000 hujus
1845 2917 2076 2987 saecnli,
2096 2919 2203 3000 qui
2220 2922 2655 2998 destruuntur,

629 3022 782 3086 »sed
813 3017 1132 3106 loquimur
1147 3018 1263 3082 Dei
1295 3019 1659 3106 sapientiam
1711 3019 1772 3080 in
1817 3018 2506 3110 myster-30².»Pr0pte1·
2528 3029 2657 3094 haee

631 3125 877 3192 cunctis
894 3123 1286 3194 hominibus,
1314 3120 1533 3184 mundi
1554 3119 1837 3204 spiritum
1855 3119 2262 3200 habentibus,
2297 3129 2393 3194 nti
2420 3133 2659 3200 dictum

587 3309 602 3316 „
628 3245 726 3299 est
742 3215 772 3309 ,ἱ
796 3254 906 3296 seu
933 3222 1279 3316 prudentiae
1298 3267 1315 3292 ‚
1351 3243 1458 3283 sen
1488 3218 1806 3307 sapientiae
1838 3229 2340 3315 comparatione,
2369 3234 2473 3301 ille
2492 3261 2522 3301 a
2548 3262 2662 3302 no-

629 3334 1086 3418 bisdescriptus
1120 3328 1423 3389 immenso
1466 3324 1795 3393 intervallo
1846 3337 2312 3420 snpereminet3
2346 3332 2659 3429 siquidem

625 3443 729 3509 ‚hie
764 3466 789 3496 α
820 3438 1056 3498 Omnes
1088 3425 1371 3491 homines
1397 3428 1779 3515 dijudicatfi
1806 3463 1832 3497 ιι
1871 3441 2224 3509 secundum
2258 3448 2425 3531 quod
2447 3449 2661 3537 scrip-

619 3557 759 3609 tum
808 3547 941 3601 est:
967 3531 1306 3622 spiritualis
1328 3582 1343 3608 ,
1380 3534 1634 3622 inquam
1656 3587 1672 3613 ,
1709 3544 2037 3628 cognoscit
2084 3570 2599 3636 unumquemque
2632 3603 2656 3631 ,

620 3645 985 3713 discernens
1015 3640 1187 3704 unde
1240 3641 1571 3727 loquatur,
1622 3645 1732 3709 ubi
1778 3659 1923 3724 stet,
1970 3649 2033 3714 in
2078 3654 2305 3739 quihus
2334 3666 2648 3726 versetur.

622 3753 836 3840 Ipsum
863 3759 1074 3811 autem
1088 3744 1362 3810 vicissim
1382 3746 1792 3834 dignoscendi
1831 3767 1939 3819 aut
1971 3756 2381 3842 dijudicandi,
2409 3764 2655 3838 nemini

619 3855 914 3948 spiritum
943 3850 1167 3918 mundi
1206 3849 1579 3918 habentium
1623 3853 1891 3923 theunas
1930 3873 2057 3936 est3
2102 3863 2219 3929 nisi
2272 3866 2380 3952 qui
2413 3859 2656 3956 pariter

685 4006 701 4032 ι
731 3981 890 4042 Exod.
911 4001 1077 4046 xxxtv,
1097 3986 1178 4047 30,
1200 3993 1252 4037 et
1276 3999 1306 4036 ει
1323 3984 1445 4039 Cor.
1465 4002 1548 4049 nt,
1573 4003 1620 4052 7.
1644 4015 1706 4028 -—
1733 4005 1754 4029 ε
1783 4006 1801 4041 ι
1822 3991 1941 4044 Cor.
1960 4010 2019 4055 n,
2040 3993 2089 4045 6.
2121 4023 2184 4037 --
2207 3998 2230 4036 ⁸
2253 3996 2382 4051 thid.
2416 4002 2494 4051 ιδ.
