2982 4885
1054 515 1313 561 nomm
1361 510 1529 583 xxm
2189 488 2315 564 223

271 624 506 708 Deum,
530 660 553 694 α
569 633 645 697 Et
666 634 1159 723 obsignaverunt
1179 683 1197 709 ,
1217 634 1390 720 quod
1411 652 1601 699 verax
1615 630 1723 695 sit¹
1739 680 1755 705 ,
1773 658 1797 690 ι
1816 645 1885 697 ut
1898 653 2084 698 verus
2106 654 2317 699 sermo

272 738 585 827 perhibet.
612 735 1091 830 Consequenter
1119 737 1309 826 igitur
1340 736 1519 825 juxta
1552 736 1914 823 praedictam
1960 736 2110 804 fidei
2154 740 2316 805 noti-

272 840 427 908 tiam
452 843 803 930 dijudicant
830 844 1107 931 seipsas,
1128 866 1400 930 quarum
1423 864 1639 908 rerum
1670 842 1945 929 inopiam
1970 845 2315 931 patiantur,

276 962 583 1069 qzuantum
611 960 900 1036 possunt,
959 949 1087 1014 sive
1114 951 1358 1024 labore,
1394 950 1524 1014 sive
1545 947 1912 1023 certamine,
1931 950 2059 1015 sive
2086 953 2316 1028 studio,

275 1054 403 1120 sive
428 1053 589 1132 fide,
618 1054 747 1120 sive
766 1055 1140 1134 dilectione,
1161 1057 1288 1122 sive
1321 1056 1565 1142 reliqua
1584 1055 1896 1119 virtutum
1924 1055 2099 1120 acie.
2127 1066 2188 1120 et
2212 1056 2323 1122 uhi

277 1182 344 1225 se
375 1160 800 1228 examinarint
836 1162 1098 1227 omnino
1125 1173 1419 1227 accurate
1442 1173 1509 1225 et
1530 1159 1870 1236 subtiliter,
1907 1162 2322 1247 compellunt,

275 1287 392 1355 pro
405 1265 668 1341 viribus»,
699 1279 885 1354 atque
908 1267 1169 1356 adigunt
1201 1290 1268 1333 se
1305 1267 1470 1354 ipsas
1506 1267 1587 1329 ad
1607 1265 1774 1330 bene
1794 1266 2175 1351 placendum
2195 1268 2328 1332 Do-

277 1370 493 1446 mino;
523 1372 757 1459 quippe
781 1394 920 1458 quae
954 1375 1154 1438 semel
1182 1372 1599 1438 crediderunt
1617 1369 1849 1443 Deum,
1871 1370 1978 1455 qui
2000 1393 2189 1437 verax
2205 1384 2324 1447 est,

283 1495 413 1539 non
457 1476 858 1565 privaturum
890 1498 996 1540 eas
1034 1478 1202 1541 dono
1228 1476 1525 1561 Spiritus,
1559 1475 1611 1539 si
1640 1475 2099 1561 permanserint
2133 1497 2331 1560 usque
2432 1562 2445 1571 .

286 1558 368 1640 ad
398 1574 645 1640 finem
628 1599 693 1639 m
724 1578 902 1641 cultu
923 1590 1110 1664 atque
1144 1579 1579 1665 expectatione
1602 1601 1752 1643 cum
1776 1579 1951 1654 omni
1984 1578 2327 1665 diligentia,

286 1684 403 1747 sed
451 1682 671 1769 dignas
723 1706 790 1746 se
839 1695 1204 1772 reputatum
1244 1684 1321 1748 iri
1360 1686 1599 1750 coelesti
1643 1685 1863 1772 gratia,
1901 1697 1975 1749 ut
2018 1684 2227 1750 adhuc
2269 1685 2335 1750 in

288 1812 483 1856 carne
508 1788 868 1863 existentes,
902 1801 1089 1875 atque
1122 1791 1310 1854 vitam
1340 1803 1650 1856 aeternam
1679 1803 2148 1857 consecuturas.

377 1894 448 1960 V.
484 1893 694 1981 Atque
710 1894 833 1959 hoc
865 1907 1054 1982 pacto
1089 1907 1260 1959 mota
1291 1895 1465 1959 omni
1499 1896 1839 1959 dilectione
1874 1919 1986 1960 sua
2016 1898 2095 1962 ad
2121 1894 2334 1961 Domi-

287 2022 470 2076 num,
487 1984 956 2088 repudiatisque
973 2000 1292 2075 omnibus,
1319 2022 1467 2068 eum
1488 2003 1695 2066 solum
1716 2014 1968 2068 summo
1992 2002 2329 2077 desideriO,

291 2106 495 2171 esurie
519 2117 584 2171 et
615 2106 712 2171 siti
741 2116 1115 2194 expectant3
1150 2118 1214 2171 et
1239 2108 1699 2172 recreationem
1735 2119 1799 2173 et
1831 2109 2332 2174 consolationem

289 2211 504 2303 gratiae
522 2223 831 2298 perpetuo
852 2213 1305 2299 proestolantos,
1345 2213 1409 2275 in
1427 2214 1600 2277 nulla
1622 2234 1691 2275 ro
1715 2211 1908 2297 hujus
1924 2214 2147 2277 mundi
2173 2235 2333 2275 con-

296 2316 671 2382 solationem
708 2314 1030 2399 accipiunt
1062 2325 1129 2376 et
1155 2314 1588 2397 requiescunt,
1625 2337 1697 2378 ac
1730 2318 1898 2378 ultro
1929 2316 2133 2400 ligat-'e
2159 2327 2335 2390 sunt;

298 2408 412 2486 sed
459 2415 684 2482 crassis
731 2437 981 2502 semper
1042 2414 1533 2501 cogitationibus
1582 2416 2121 2491 contradicentes,
2176 2417 2343 2482 auxi—

297 2525 456 2592 lium
501 2509 690 2617 atque
730 2518 1314 2610 remunerationem
1346 2517 1463 2583 Dei
1503 2530 1751 2584 tantum
1782 2530 2151 2618 expectant,
2196 2541 2344 2592 cum

279 2613 677 2715 'hujusmodi
698 2624 932 2700 stud1o,
969 2623 1323 2714 intentio&
1367 2645 1439 2689 ac
1469 2622 1776 2711 patientia
1810 2624 2091 2712 praeditis
2121 2625 2345 2692 animis

302 2723 437 2838 ipse
465 2721 830 2828 Dominus
808 2752 939 2822 Jam
971 2732 1221 2795 occulte
1246 2730 1433 2812 adsit,-
1459 2728 1781 2816 suppetias
1803 2729 1986 2805 serat,
2018 2745 2347 2798 conservet

302 2851 370 2905 et
400 2835 720 2904 suss'ulciat
742 2857 999 2901 omnem
1027 2834 1275 2918 virtutis
1299 2835 1626 2902 fructum:
1656 2856 1728 2899 ac
1760 2833 1958 2902 licet
1941 2858 2006 2901 in
2032 2835 2248 2901 labore
2281 2850 2346 2902 et

306 2927 649 3010 afflictione
688 2941 837 3016 sint,
873 2923 938 3007 et
977 2941 1039 3034 in
1079 2941 1442 3032 cognitione
1479 2938 1762 3008 veritatis
1811 2953 1875 3006 et
1929 2940 2348 3013 illustratione

307 3046 557 3146 animae,
592 3031 880 3111 nondum
915 3027 1127 3144 tamen
1168 3057 1529 3140 consecutas
1571 3057 1722 3127 sunt
1751 3045 2020 3132 gratiam
2052 3045 2345 3134 Spiritus,

309 3139 383 3216 ac
401 3139 863 3219 recreationem
898 3131 1170 3242 coelestis
1188 3133 1364 3229 doni,
1399 3151 1604 3218 necin
1621 3152 1808 3238 plena
1846 3149 1974 3228 fide
1991 3152 2352 3220 constitutae

308 3268 734 3346 perceperunt
782 3279 960 3333 eam,
1011 3247 1274 3356 propter
1319 3279 1618 3323 arcanam
1663 3256 2074 3345 sapientiam,
2119 3267 2183 3324 et
2231 3257 2359 3320 ine-

311 3360 646 3426 narrabilia
692 3341 929 3449 judicia
977 3361 1120 3444 Dei,
1170 3343 1278 3452 qui
1331 3363 1522 3450 variis
1576 3360 1784 3427 modis
1843 3359 2061 3424 fideles
2121 3357 2358 3424 animas

315 3467 566 3553 probat,
583 3478 650 3531 et
672 3467 1078 3532 dilectionem
1105 3491 1182 3531 ex
1203 3469 1530 3531 voluntate
1552 3478 1617 3530 et
1641 3463 1966 3554 proposito
1991 3474 2358 3530 manantem

321 3569 619 3636 intuetur.
653 3573 934 3638 Termini
962 3573 1132 3639 enim
1157 3557 1419 3659 quidam
1445 3577 1616 3644 sunt,
1645 3589 1960 3659 mensurae
1987 3590 2059 3632 ac
2083 3569 2359 3646 trutinae,

325 3670 542 3734 liberae
585 3671 976 3754 intentionis,
1023 3663 1088 3743 et
1132 3676 1507 3742 voluntariae
1540 3672 1921 3750 dilectionis,
1959 3684 2151 3758 atque
2184 3672 2367 3740 affec-

326 3772 517 3841 tionis
563 3797 709 3861 erga
757 3779 970 3842 omnia
1011 3794 1225 3846 sancta
1270 3782 1408 3870 ejus
1447 3781 1782 3856 mandata,
1832 3790 2143 3864 quantum
2188 3777 2360 3846 licet.

271 3873 276 3878 ’
329 3879 477 3960 Quo
508 3875 605 3955 fit,
650 3889 725 3942 ut
757 3875 1019 3959 animae',
1056 3903 1194 3972 quae
1229 3886 1493 3976 implent
1527 3885 1757 3976 amoris
1795 3897 1982 3974 atque
2033 3883 2225 3953 officii
2267 3883 2366 3955 sui

421 4014 436 4040 ¹
457 4016 606 4071 Joan.
630 4031 712 4078 m,
739 4015 822 4066 ³3.
