2982 4885
635 491 765 565 236
1319 512 1367 553 s.
1423 509 1686 554 menn
1734 508 2001 553 AEcxrru

633 650 771 718 quoe
800 628 1084 693 videmus
1122 625 1304 700 folia,
1347 608 1637 692 ssores'et
1682 626 1930 691 fructus
1960 624 1981 690 :⁷
2020 624 2171 689 item
2213 624 2455 690 semina
2502 626 2668 692 intus

630 734 991 824 producunt
1030 733 1398 799 indumenta
1430 782 1447 807 ‚
1496 756 1636 820 quae
1688 732 2002 797 videntur.
2062 733 2200 821 Ipsa
2250 755 2506 820 quoque
2550 734 2668 800 lilia

630 840 799 906 intus
828 839 1158 929 proferunt
1182 839 1458 927 tegmina
1483 887 1501 912 ‚
1531 849 1596 902 et
1626 849 1936 902 exornant
1969 851 2219 903 terram.

721 945 798 1010 ΙΙ.
856 943 962 1009 Sic
987 966 1242 1032 quoque
1272 955 1589 1031 quotquot
1620 942 2124 1008 Christianorum
2157 942 2304 1007 hinc
2329 943 2501 1032 digni
2527 958 2674 1010 sunt

634 1046 834 1114 habiti
867 1048 1170 1135 consequi
1202 1050 1526 1114 coelestem
1552 1046 1881 1124 amictum,
1907 1048 2085 1113 illum
2119 1047 2324 1135 ipsum
2346 1047 2670 1114 habent-in

636 1152 859 1218 animis
897 1152 1024 1218 suis
1061 1165 1585 1220 commorantem.
1624 1153 1703 1218 Et
1729 1152 2029 1240 quoniam
2054 1174 2089 1217 a
2119 1151 2252 1216 Deo
2287 1150 2671 1240 praefinitum

634 1268 730 1323 est
752 1306 770 1332 ,
813 1269 886 1323 ut
934 1259 1307 1324 dissolvatur
1352 1270 1644 1327 creatura
1681 1258 1856 1333 haec,
1901 1270 2093 1346 atque
2133 1259 2366 1323 coelum
2406 1269 2472 1323 et
2510 1272 2674 1324 terra

635 1373 989 1440 transeant,
1024 1362 1469 1433 indumentum
1505 1367 1760 1431 coeleste
1793 1386 1967 1429 nunc
2005 1375 2224 1452 tegens
2255 1375 2322 1429 et
2359 1363 2675 1428 illustrans

637 1469 950 1546 animam,
987 1474 1159 1559 quod
1194 1472 1489 1539 obtinent
1520 1472 1583 1537 in
1619 1473 1835 1546 corde,
1872 1470 2028 1537 illud
2053 1471 2221 1535 nuda
2249 1491 2499 1557 quoque
2530 1491 2676 1534 cor-

636 1596 820 1664 pora,
862 1601 1002 1664 quae
1026 1592 1357 1669 resurgent
1385 1603 1463 1645 ex
1486 1577 1815 1668 sepulcris,
1851 1576 1915 1641 in
1947 1577 2051 1642 illa
2088 1577 2214 1652 die,
2255 1599 2380 1663 qua
2412 1596 2677 1662 corpora

635 1682 1111 1757 excitabuntur,
1141 1685 1243 1748 illa
1264 1685 1560 1748 videlicet
1583 1683 1802 1755 induet
1817 1681 2015 1767 gloria
2038 1680 2057 1713 ¹
2085 1704 2104 1751 ;
2137 1681 2310 1765 quod
2344 1682 2584 1745 donum
2616 1691 2681 1742 et

639 1783 1086 1861 indumentum
1147 1784 1453 1848 invisibile
1521 1798 1595 1846 ac
1658 1784 1916 1846 coeleste
1975 1803 2148 1844 nunc
2199 1797 2684 1870 consequuntur

632 1885 991 1952 Christiani.
1037 1886 1599 1964 Quemadmodum
1637 1896 1850 1949 autem
1884 1906 2032 1949 oves
2068 1896 2177 1947 aut
2207 1885 2432 1949 cameli
2470 1888 2532 1949 in
2562 1889 2690 1952 Γω-

591 2002 788 2061 ,num
841 1988 1744 2065 incidentes‚,incontinenter
1781 2001 1847 2052 et
1892 1988 2183 2053 celeriter
2226 1992 2548 2054 accedunt
2601 1996 2683 2058 ad

628 2093 974 2181 pabulum,
1024 2106 1213 2182 atque
1255 2094 1592 2160 includunt
1638 2093 1757 2159 sibi
1805 2093 2225 2159 alimentum:
2265 2093 2425 2157 hora
2463 2106 2677 2160 autem

624 2197 807 2285 famis
836 2198 994 2265 illud
1031 2200 1238 2290 ipsum
1267 2223 1305 2265 e
1337 2200 1690 2265 ventriculo
1725 2202 2045 2265 reducunt
2083 2210 2148 2263 et
2181 2197 2532 2274 ruminant,
2560 2199 2676 2264 ha-

627 2305 906 2393 bentque
932 2308 1102 2372 velut
1135 2306 1531 2379 alimentum,
1562 2327 1701 2391 quae
1733 2316 1881 2369 ante
1912 2313 2329 2390 reposuerant
2361 2325 2377 2366 τ
2413 2303 2501 2369 sic
2523 2327 2673 2391 quo-

623 2434 749 2500 que
778 2413 1170 2502 quicumque
1195 2434 1366 2477 nunc
1393 2433 1659 2501 regnum
1688 2412 1997 2476 coelorum
2024 2414 2411 2498 rapuerunt,
2446 2421 2510 2476 et
2541 2431 2672 2475 coe-

625 2518 848 2584 lestem
895 2519 1114 2585 cibum
1160 2519 1222 2583 in
1275 2516 1514 2606 Spiritu
1552 2516 1833 2582 viventes
1878 2516 2335 2602 degustarunt,
2389 2528 2670 2604 tempore

624 2622 1108 2686 resurrectionis
1154 2643 1304 2685 eum
1352 2620 1562 2709 ipsum
1606 2619 1849 2685 babent
1883 2630 2203 2708 tegentem
2243 2632 2308 2686 et
2354 2621 2670 2689 foventem

628 2725 841 2791 omnia
874 2748 1098 2789 eorum
1122 2726 1431 2789 membra.
1788 2715 1793 2718 ¹

591 2833 684 2918 ’ᾳ
718 2831 826 2896 ΠΙ.
883 2828 1443 2910 Quemadmodum
1487 2852 1640 2919 ergo
1686 2828 1963 2896 diximus
2011 2831 2352 2897 discrimen
2399 2854 2538 2897 esse
2580 2830 2669 2895 in·
2768 2897 2781 2906 ,

629 2946 728 3000 ter
769 2933 1013 3018 ¹semina
1043 2982 1064 3008 ‚
1119 2932 1269 3019 quia
1307 2933 1684 3023 multiplicia
1730 2934 1796 2998 in
1846 2957 2039 3000 unam
2086 2947 2317 3001 terram
2360 2935 2668 2999 seminata

629 3037 908 3104 diversos
941 3037 1307 3127 producunt
1339 3037 1608 3114 fructus,
1645 3039 1814 3105 inter
1835 3063 1901 3104 se
1934 3039 2296 3106 dissimilem
2328 3037 2552 3103 itidem
2587 3040 2670 3105 de

629 3140 962 3206 arboribus
999 3141 1089 3207 sic
1121 3165 1186 3208 se
1224 3165 1323 3207 res
1359 3142 1553 3208 habet
1575 3189 1591 3221 ‚
1629 3143 1927 3210 videlicet
1949 3147 2255 3233 quasdam
2283 3165 2504 3209 earum
2533 3166 2671 3236 esse

624 3245 937 3336 majores,
971 3248 1276 3335 quasdam
1315 3246 1630 3323 minores,
1667 3271 1858 3316 unam
1902 3262 2113 3317 autem
2156 3263 2392 3316 terram
2425 3248 2669 3314 radices

630 3350 917 3417 omnium
956 3351 1284 3420 continere
1317 3372 1334 3415 t
1369 3350 1461 3417 sic
1503 3373 1759 3440 quoque
1790 3356 2061 3422 coelestis
2092 3354 2378 3421 Ecclesia
2411 3373 2561 3418 cum
2592 3352 2671 3417 sit

627 3477 753 3520 una
774 3504 791 3529 ,
821 3456 1159 3520 innumera
1187 3466 1323 3520 est:
1358 3456 1628 3544 quisque
1659 3471 1871 3525 autem
1897 3459 2304 3549 peculiariter
2325 3467 2670 3522 exornatur

626 3569 662 3626 a'
698 3559 894 3648 gloria
925 3557 1217 3648 Spiritus.
1256 3559 1527 3627 Perinde
1569 3562 1740 3629 enim
1772 3587 1844 3629 ac
1878 3567 2167 3631 volucres
2206 3587 2242 3630 e
2277 3579 2544 3649 corpore
2574 3559 2670 3623 in-

629 3664 932 3730 dumenta
977 3666 1219 3730 alarum
1259 3668 1661 3755 producunt,
1719 3668 2081 3735 discrimen
2109 3682 2343 3754 autem⁴
2364 3667 2528 3731 inter
2564 3687 2670 3731 eas

628 3787 758 3834 non
807 3780 903 3834 est
931 3769 1229 3859 exiguum
1254 3797 1273 3846 ;
1309 3757 1602 3862 quaedam
1649 3773 1819 3840 enim
1847 3773 2121 3865 propius'
2142 3769 2381 3852 terram
2411 3774 2625 3838 volant
2647 3818 2671 3844 .

627 3873 918 3961 quaedam
948 3891 1096 3940 vero
1129 3876 1191 3941 in
1228 3882 1438 3943 aerem
1477 3878 1729 3944 evolant
1757 3903 1773 3942 ε
1818 3891 1924 3945 aut
1957 3878 2504 3980 quemadmodum
2535 3896 2678 3942 coe-

696 4022 712 4047 ¹
748 3975 962 4064 1²rhess.
991 4026 1060 4073 ιν,
1093 4011 1171 4082 ,¹⁵⁹
1205 4011 1279 4065 ιδ.
