2982 4885
1120 545 1376 589 nonina
1423 546 1544 589 xm.
2230 527 2358 594 265

330 685 475 730 rum
498 661 607 727 ubi
636 672 971 749 penetrans
992 673 1332 748 peccatum
1354 659 1714 749 occupavit,
1740 660 1803 725 in
1828 661 2358 731 consuetudinem

331 768 462 836 abit
489 779 555 832 et
583 765 1233 855 praeoccupationem,
1269 786 1418 830 cum
1449 786 1835 851 unoquoque
1868 767 1948 830 ab
1986 768 2246 835 infantia
2283 769 2362 836 si-

329 874 466 938 mul
496 882 904 958 augmentum
936 892 1194 936 sumens
1222 882 1636 936 conversatur
1662 917 1679 942 ,
1709 881 1773 934 et
1803 869 1957 942 vitia
1986 874 2231 940 edocet.

420 976 498 1041 11.
537 975 657 1042 Ubi
677 997 830 1064 ergo
853 976 1070 1064 gratiae
1093 975 1319 1041 divinae
1341 972 1624 1041 efficacia
1649 973 2125 1044 obumbraverit
2139 979 2363 1047 animae

329 1104 445 1170 pro
495 1084 688 1147 modo
726 1080 1229 1168 uniuscujusque
1270 1078 1420 1145 tidei
1446 1129 1464 1156 ,
1507 1091 1697 1166 atque
1749 1080 2024 1168 desuper
2065 1084 2365 1150 auxilium

329 1186 663 1275 receperit,
697 1186 906 1251 adbuc
932 1186 1137 1275 aliqua
1169 1186 1234 1251 in
1265 1197 1446 1274 parte
1476 1184 1820 1251 adumbrat
1848 1185 2066 1274 gratia.
2101 1187 2194 1268 Ne
2216 1212 2367 1277 ergo

331 1291 653 1356 arbitreris
682 1290 1043 1380 quempiam
1083 1302 1213 1356 tota
1240 1290 1448 1355 anima
1477 1312 1617 1355 esse
1651 1289 2078 1357 illuminatum
2109 1315 2125 1357 ε
2158 1293 2368 1360 adbuc

329 1396 605 1460 multum
635 1395 942 1482 pabulum
973 1395 1104 1459 vitii
1141 1396 1309 1460 intus
1338 1397 1516 1469 latet,
1552 1415 1931 1481 summoque
1958 1396 2177 1462 labore
2213 1398 2368 1463 indi-

332 1508 437 1583 get
474 1496 703 1569 homo,
752 1508 816 1561 et
850 1497 1333 1584 defatigatione,
1380 1521 1522 1586 quae
1568 1499 1922 1564 consentiat
1962 1501 2204 1565 collatae
2253 1500 2372 1586 ipsi

332 1599 567 1687 gratiae.
604 1599 943 1688 Propterea
982 1601 1154 1665 enim
1197 1602 1624 1687 particulatim
1670 1602 1892 1692 incipit
1926 1602 2138 1668 divina
2173 1603 2370 1691 gratia

333 1703 674 1770 adventare
705 1704 768 1769 in
802 1705 1102 1781 animam,
1139 1729 1279 1794 quae
1315 1708 1417 1771 vel
1448 1706 1635 1772 unius
1669 1707 1839 1773 borae
1868 1720 2200 1773 momento
2231 1729 2373 1795 pos-

333 1811 413 1877 sit
462 1812 827 1887 hominem,
873 1811 984 1876 ubi
1034 1812 1398 1900 expurgarit
1436 1834 1624 1886 eum,
1672 1812 2026 1900 perfectum
2069 1814 2370 1890 reddere3

328 1935 547 1982 verum
572 1929 644 1981 ut
671 1916 901 2005 probet
922 1916 1341 1981 intentionem
1364 1914 1665 1991 bominis,
1695 1938 1773 1980 an
1795 1916 2202 1982 dilectionem
2221 1940 2372 2006 erga

328 2021 533 2087 Deum
592 2020 899 2109 integram
951 2033 1313 2096 conservet,
1366 2023 1544 2087 nullo
1593 2039 1851 2110 prorsus
1910 2021 2129 2088 habito
2190 2044 2371 2087 com-

329 2124 571 2191 mercio
601 2147 750 2194 cum
783 2126 1076 2216 improbo
1098 2174 1115 2199 ,
1151 2128 1262 2192 sed
1288 2138 1493 2192 totum
1531 2126 1745 2214 gratim
1776 2149 1845 2192 se
1874 2126 2083 2215 ipsum
2111 2129 2319 2194 tradat
2349 2152 2366 2194 ε

331 2228 584 2317 hocque
608 2243 796 2317 pacto
819 2229 1086 2316 probata
1117 2243 1408 2318 tempore
1436 2244 1503 2296 et
1520 2231 1994 2318 opportunitate
2013 2232 2216 2295 anima
2239 2254 2374 2319 gra-

332 2333 613 2417 tiamque
649 2332 714 2395 in
747 2333 920 2395 nulla
961 2354 1220 2417 prorsus
1263 2355 1333 2395 re
1375 2334 1795 2407 contristans,
1829 2354 1950 2398 nec
1981 2335 2108 2398 ulla
2145 2347 2373 2399 contu-

335 2435 523 2503 melia
554 2434 856 2510 afficiens,
890 2458 924 2501 a
948 2435 1202 2501 modico
1218 2447 1472 2523 sumpto
1503 2435 1682 2501 initio
1707 2436 2010 2501 auxilium
2032 2438 2374 2524 consequi-

337 2555 460 2609 tur.
486 2542 653 2631 -lpsa
697 2564 951 2630 quoque
995 2542 1194 2630 gratia
1245 2553 1497 2631 pastum
1540 2542 1605 2607 in
1658 2542 1866 2607 anima
1907 2542 2102 2607 sumit
2128 2592 2145 2617 ,
2187 2556 2252 2607 et
2295 2545 2375 2608 ad

336 2644 852 2735 profundissimas
899 2668 1102 2734 usque
1136 2645 1275 2734 ejus
1319 2659 1530 2735 partes
1574 2658 1640 2712 et
1683 2646 2096 2735 cogitationes
2131 2647 2375 2757 {adices

337 2750 556 2826 mittit,
592 2772 741 2815 cum
774 2751 839 2815 in
867 2752 1084 2816 multis
1113 2751 1555 2817 occasionibus
1578 2753 1846 2840 probata
1878 2751 1994 2827 sit,
2023 2761 2086 2815 et
2116 2774 2375 2816 consen-

316 2855 501 2921 ·tiens
521 2855 734 2945 gratiae
750 2856 979 2931 anima,
1004 2857 1209 2921 donec
1236 2868 1364 2921 tota
1391 2856 1597 2920 anima
1624 2855 1920 2943 absorpta
1949 2867 2046 2920 est
2067 2878 2103 2920 a
2130 2856 2372 2920 coelesti

338 2962 561 3051 gratia,
589 2963 995 3050 postmodum
1030 2962 1093 3026 in
1128 2961 1263 3049 ipso
1298 2983 1441 3026 vase
1473 2972 1797 3049 regnante.

425 3068 532 3131 ΙΙΙ.
590 3066 781 3147 Quod
814 3067 864 3131 si
899 3088 1047 3133 vero
1071 3066 1212 3153 quis
1238 3088 1365 3130 non
1390 3066 1706 3131 studuerit
1729 3086 1994 3130 summae
2019 3064 2382 3147 humilitati,

342 3174 612 3238 traditur
644 3175 775 3240 istae
805 3174 1052 3240 Satanae
1073 3223 1090 3249 ,
1116 3186 1181 3238 et
1211 3174 1572 3239 denudatus
1607 3171 1814 3236 divina
1841 3170 1959 3236 sibi
1993 3173 2222 3237 collata
2243 3193 2380 3261 gra-

342 3277 460 3354 tia,
519 3291 796 3345 tentatur
841 3278 1289 3344 afflictionibus
1337 3278 1602 3352 multis;
1648 3290 1714 3342 et
1758 3290 1896 3342 tum
1940 3277 2380 3341 manifestatur

341 3382 479 3469 ejus
524 3382 897 3449 existimatio
922 3431 939 3457 ,
985 3385 1156 3468 quod
1211 3383 1419 3446 nudus
1462 3394 1529 3446 et
1578 3402 1976 3445 aerumnosus
2027 3378 2125 3445 sit.
2175 3377 2383 3444 Debet

340 3508 492 3573 ergo
513 3535 530 3561 ‚
563 3488 668 3574 qui
697 3489 983 3574 locuples
1024 3496 1122 3548 est
1156 3484 1355 3569 gratia
1395 3485 1605 3548 divina
1631 3532 1647 3555 .
1692 3485 1754 3547 in
1792 3484 1991 3547 multa
2027 3480 2380 3548 humilitate

344 3600 411 3651 et
445 3590 822 3656 contritione
862 3587 1072 3654 cordis
1111 3583 1390 3657 versari,
1423 3597 1489 3648 et
1527 3588 1699 3651 velut
1732 3607 2077 3673 pauperem
2111 3607 2183 3648 ac
2224 3586 2382 3651 nihil

346 3690 686 3756 habentem
719 3695 1015 3779 seipsum
1048 3688 1409 3758 existimare
1436 3713 1455 3763 3
1499 3687 1773 3752 alienum
1808 3701 1906 3752 cst
1942 3687 2115 3772 quod
2149 3685 2342 3750 habet
2363 3738 2380 3761 ,

349 3795 635 3881 aliusque
661 3795 781 3859 sibi
812 3797 1008 3873 dedit,
1045 3807 1113 3857 et
1142 3794 1398 3879 quando
1431 3795 1567 3857 vult
1591 3842 1608 3868 ‚
1644 3791 1852 3858 aufert
1887 3791 2064 3856 illud.
2102 3790 2229 3870 Qui
2258 3789 2381 3857 boc

345 3910 538 3988 pacto
576 3897 885 3986 seipsum
931 3896 1256 3972 humiliat,
1302 3909 1432 3963 tam
1474 3899 1645 3987 apud
1686 3898 1894 3961 Deum
1939 3915 2128 3980 qnam
2173 3892 2384 3959 bomi-

346 4027 491 4080 nes,
527 4015 740 4093 potest
773 4023 1149 4069 conservare
1194 4005 1489 4071 collatam
1521 4003 1641 4078 sibi
1675 4001 1975 4091 gratiam,
2012 4013 2085 4067 ut
2124 3999 2327 4088 inquit
2362 4024 2379 4065 ε
