2982 4885
540 500 676 589 ’168
1218 540 1263 581 s.
1326 537 1586 581 mcum
1633 537 1898 580 ‚zen-ru

543 656 752 732 tismi,
796 655 1178 726 neomeuioe.
1228 653 1624 729 ablutiones,
1682 652 2031 728 sacrificia,
2078 652 2448 722 holocausta
2464 702 2484 731 ,
2511 668 2584 723 et

546 762 830 832 universa
867 759 1106 848 reliqua
1138 758 1375 845 justitia
1406 760 1972 824 consummabatur
2018 759 2080 824 in
2120 760 2259 848 lege
2278 785 2297 834 ς
2333 783 2452 826 nec
2485 773 2584 826 ta-

543 890 690 935 men
724 864 932 932 anima
968 863 1175 938 sanari
1207 885 1279 928 ac
1303 861 1625 952 purificari
1658 863 1788 928 ab
1771 886 2023 953 impuro
2047 863 2221 929 ssuxu
2247 886 2584 954 pravarum

542 971 999 1066 cogitationum
1057 970 1295 1060 potuit;
1348 993 1465 1036 nec
1524 970 1816 1036 universa
1883 970 2126 1058 justitia
2175 969 2314 1057 ejus
2359 993 2582 1038 curare

543 1078 748 1170 ipsum
790 1077 1016 1152 valuit,
1070 1079 1271 1142 donec
1304 1076 1475 1140 venit
1528 1077 1841 1152 Salvator,
1894 1100 2076 1141 verus
2119 1075 2441 1150 medicus,
2473 1075 2580 1162 qui

528 1173 757 1271 gratis
768 1192 989 1247 sanat.
1026 1181 1133 1269 qui
1166 1203 1233 1245 se
1268 1181 1474 1270 ipsum
1511 1204 1629 1270 pro
1655 1182 1933 1248 humano
1957 1204 2187 1269 genere
2227 1180 2290 1245 in
2314 1179 2585 1270 pretium

487 1328 491 1333 ·
545 1285 1002 1378 redemptionis
1036 1288 1313 1362 tradens,
1349 1287 1565 1352 solus
1549 1310 1680 1375 ipse
1706 1310 1996 1378 magnam
2021 1301 2085 1352 et
2124 1288 2458 1353 salutarem
2492 1308 2586 1350 re-

543 1391 979 1481 demptionem
1012 1415 1086 1457 ac
1128 1393 1457 1459 sanitatem
1493 1393 1717 1459 animae
1747 1405 2041 1483 operatus
2073 1406 2213 1459 est:
2250 1394 2382 1482 ipse
2423 1393 2587 1457 libe-

545 1496 717 1563 ravit'
758 1520 898 1568 eam
956 1519 989 1563 a
1046 1498 1371 1574 servitute,
1428 1510 1493 1564 et
1538 1497 1755 1564 eduxit
1807 1522 1947 1565 eam
1992 1522 2070 1564 ex
2114 1497 2432 1573 tenebris;
2468 1518 2584 1561 suo

541 1602 794 1671 lumine
837 1627 978 1670 eam
1017 1604 1546 1695 illustrans3'ipse
1593 1607 1930 1673 exsiccavit
1975 1607 2040 1671 in
2092 1628 2166 1670 ea
2195 1605 2435 1670 sontem
2477 1603 2591 1667 im-

548 1703 935 1776 mundarum
988 1710 1467 1796 cogitationum.
1524 1738 1548 1767 ι
1575 1711 1740 1774 Ecce
1793 1711 1998 1781 enim,
2067 1708 2307 1793 inquit,
2373 1708 2591 1795 Agnus

546 1813 739 1888 anei,
771 1814 876 1900 qui
910 1812 1072 1876 tollit
1095 1819 1355 1929 peccata
1394 1810 1676 1874 mundik
1702 1838 1728 1868 ι

635 1916 769 1992 v.11
822 1914 962 1981 Non
1008 1913 1178 1980 enim
1209 1923 1557 2002 potuerunt
1605 1923 1852 1974 terrena
1895 1911 2033 1996 ejus
2071 1910 2584 1986 medicamenta,

547 2020 671 2088 boc
693 2032 813 2093 est,
846 2007 1329 2105 justificationes
1361 2016 1500 2102 ejus
1531 2016 1676 2078 solae
1722 2036 1946 2079 curare
1980 2026 2045 2078 et
2086 2035 2308 2078 sanare
2346 2013 2520 2078 illam
2554 2039 2591 2081 a

544 2137 713 2192 tanta
765 2123 1064 2194 invisibili
1110 2127 1323 2213 plaga3
1370 2117 1483 2181 sed
1522 2111 1793 2206 coelestis
1841 2130 1905 2183 et
1936 2116 2159 2200 divinae
2195 2129 2436 2182 naturae
2472 2097 2594 2182 be-

545 2226 815 2305 neflcio,
842 2229 992 2295 doni
1027 2225 1323 2293 nimirum
1351 2219 1621 2307 Spiritus
1650 2221 1879 2298 sancti,
1913 2222 2107 2308 hujus
2136 2221 2590 2288 medicamenti

543 2333 737 2404 solius
770 2359 890 2423 ope,
922 2329 1127 2419 potuit
1167 2324 1502 2391 sanitatem
1542 2327 1848 2414 consequi
1902 2327 2138 2402 homo,
2182 2340 2247 2392 et
2281 2330 2360 2392 ad
2394 2325 2588 2393 vitam

547 2437 906 2529 pervenirffi
957 2428 1291 2522 purificato
1343 2432 1537 2500 corde
1574 2452 1607 2496 a
1658 2428 1900 2521 Spiritu
1937 2442 2183 2525 sancto.
2236 2429 2582 2507 Caeterum,

550 2539 1086 2632 quemadmodum
1115 2536 1201 2604 ibi
1228 2539 1481 2613 mulier,
1519 2536 1802 2626 quamvis
1827 2540 2180 2615 vulnerata,
2220 2537 2429 2604 curari
2461 2561 2589 2603 non

546 2642 792 2736 poterat
809 2642 1277 2719 3‘nihilominus
1310 2645 1506 2731 pedes
1533 2641 1842 2717 habebat,
1878 2644 2109 2732 quibus
2142 2646 2479 2710 accederet
2510 2637 2590 2709 ad

548 2747 929 2822 Dominum,
964 2761 1029 2814 et
1062 2747 1317 2815 veniens
1356 2747 1749 2812 sanationem
1790 2762 2332 2836 consequeretur:
2372 2749 2589 2816 itidem

550 2866 615 2919 et
647 2874 852 2919 careus
887 2854 1027 2929 isse,
1067 2851 1355 2941 quamvis
1384 2852 1683 2917 incedere
1706 2875 1834 2917 non
1858 2864 2132 2943 poterat,
2168 2867 2233 2919 et
2272 2856 2484 2920 venire
2512 2853 2591 2919 ad

547 2954 933 3034 Dominum,
982 2980 1058 3023 eo
1097 2959 1269 3045 quod
1307 2956 1444 3021 visu
1477 2957 1951 3035 destitueretur,
1989 2960 2340 3026 acutiorem
2380 2973 2587 3026 tamen

549 3054 805 3159 Angelis
829 3062 1303 3139 emisitvocem.
1339 3058 1569 3127 Aiebat
1594 3085 1803 3131 emm
1849 3064 2009 3130 «Fili
2044 3066 2266 3141 David,
2294 3055 2591 3137 miserere

555 3167 779 3234 simei.
802 3195 827 3226 »
867 3177 949 3233 et
960 3166 1045 3232 ita
1072 3164 1339 3231 credens
1373 3166 1705 3234 sanitatem
1737 3182 2117 3235 consecutus
2146 3183 2275 3248 est.
2305 3170 2593 3236 veniente

553 3275 633 3339 ad
694 3270 872 3338 illum
912 3270 1224 3348 Domino,
1272 3271 1459 3359 eique
1507 3272 1710 3340 visum
1764 3274 2182 3367 restituente·
2218 3275 2307 3341 sic
2341 3296 2593 3364 quoque

556 3376 800 3453 anima,
838 3377 1125 3466 quamvis
1164 3376 1443 3444 sauciata
1476 3378 1557 3446 sit
1587 3379 2150 3479 ignominiosarum
2187 3380 2595 3447 affectionum

556 3476 952 3573 vulneribus,
984 3483 1273 3581 quamvis
1304 3484 1625 3560 obcaecata
1658 3484 1737 3549 sit
1767 3486 2045 3552 tenebris
2071 3486 2341 3585 peccati,
2371 3484 2594 3550 nihilo-

554 3580 768 3655 minus'
809 3578 1002 3655 habet
1044 3588 1440 3655 voluntatem
1496 3590 1810 3657 clamandi
1839 3605 1904 3657 et
1949 3581 2284 3659 invocandi
2323 3587 2586 3666 Jesum,

558 3706 629 3761 ut
671 3694 809 3795 ipso
831 3694 1090 3763 veniens
1120 3707 1425 3771 aeternam
1458 3695 1966 3787 redemptionem
2004 3698 2226 3767 animae
2271 3706 2590 3787 procuret.

578 3804 589 3810 “
627 3796 799 3883 vm.
853 3799 1415 3881 Quemadmodum
1445 3798 1618 3865 enim
1650 3823 1856 3870 caecus
1895 3802 2039 3879 ille,
2074 3802 2194 3871 nisi
2219 3803 2589 3878 clamasset,

550 3914 617 3971 et
640 3900 756 3971 nisi
782 3926 922 3991 quae
947 3900 1260 3994 profluvio
1282 3904 1606 3995 sanguinis
1626 3907 1982 3985 laborabat,
2016 3909 2095 3979 ad
2116 3907 2462 3979 Dominum
2496 3926 2595 3972 ac-

626 4050 648 4077 ·
674 4023 817 4092 loon.
847 4057 882 4099 ι,
908 4058 988 4108 ²9.
1098 4066 1105 4075 ·
