2982 4885
1152 496 1408 544 Romus
1455 464 1574 544 xv:
2252 500 2276 543 1
2288 458 2372 544 05

330 626 448 681 est.
486 613 580 681 Ae
611 613 662 679 si
701 612 1032 680 transferas
1055 636 1127 679 ea
1169 615 1363 680 alium
1386 616 1450 681 in
1488 620 1724 688 ae'rem,
1752 624 2060 702 pereunt:
2096 622 2160 677 et
2184 610 2375 677 indu-

329 701 546 785 menta
592 718 843 784 illorum
870 767 889 792 ,
935 718 984 783 si
1016 717 1256 784 suerint
1293 711 1586 785 sordibus
1627 719 1952 806 inquinata
1980 764 1999 792 ,
2045 738 2205 802 aqua
2249 735 2377 781 non

330 827 665 898 eluuntur,
710 824 821 889 sed
866 822 1033 912 igni,
1073 823 1361 911 fiuntque
1400 825 1655 913 puriora
1695 847 1768 889 ac
1815 821 2230 890 candidiora:
2285 821 2376 888 sie

324 923 582 1016 'quoque
615 927 955 993 Christiani
993 930 1315 994 coelestem
1349 928 1526 994 illum
1561 930 1772 1018 ignem
1806 928 2046 993 habent
2087 928 2223 992 vice
2259 926 2377 1005 ali<

327 1035 550 1110 menti,
584 1035 691 1100 ille
712 1034 861 1124 ipsis
882 1047 980 1100 est
1009 1033 1285 1123 requies,
1319 1035 1424 1102 ille
1461 1047 1801 1125 expurgat,
1838 1037 2026 1108 lavat,
2053 1044 2118 1098 et
2139 1031 2377 1098 sancti-

328 1135 481 1206 ficat
514 1162 627 1205 cor
667 1140 921 1206 illorum
951 1162 969 1202 :
1005 1140 1111 1205 ille
1146 1140 1389 1229 praebet
1410 1141 1502 1206 eis
1534 1151 1946 1229 augmentum
1973 1163 1989 1205 τ
2024 1139 2128 1204 ille
2155 1138 2246 1204 eis
2278 1147 2377 1204 est

330 1249 437 1309 ἃδέ
458 1256 524 1310 et
544 1244 691 1309 vita.
726 1243 791 1309 Si
814 1267 961 1309 vero
978 1245 1128 1309 inde
1149 1245 1581 1334 egrediantur,
1615 1243 2092 1310 interficiuntur
2111 1268 2144 1308 a
2167 1244 2373 1332 pravis
2419 1261 2420 1264 ’

329 1347 654 1434 spiritibus
678 1396 697 1423 ,
732 1350 907 1414 velut
941 1347 1029 1414 ibi
1062 1349 1355 1418 animalia
1395 1350 1525 1439 igni
1555 1347 1944 1437 egredientia
1972 1339 2375 1422 moriuntur,

331 1453 505 1517 velut
527 1452 732 1539 pisces
758 1475 917 1538 aqua
948 1453 1345 1538 egredientes
1366 1501 1385 1528 ,
1419 1455 1593 1518 velut
1619 1451 2052 1539 quadrupedia
2083 1450 2377 1515 animalia

336 1551 400 1618 in
431 1574 607 1616 mare
648 1552 934 1637 projecta
973 1552 1366 1617 suffocantur
1395 1577 1411 1618 τ
1446 1557 1619 1628 velut
1650 1556 1942 1618 volucres
1986 1553 2382 1619 ambulantes

337 1677 531 1744 super
559 1668 794 1720 terram
825 1655 1164 1744 capiuntur
1191 1655 1272 1722 ab
1309 1657 1660 1746 aucupibus
1691 1682 1707 1721 :
1743 1657 1834 1723 sic
1869 1679 2122 1745 quoque
2147 1656 2378 1733 anima,

335 1784 477 1850 quae
501 1784 628 1825 non
658 1773 990 1849 permanet
1016 1761 1079 1824 in
1105 1772 1269 1825 terra
1295 1761 1424 1838 illa,
1461 1762 1810 1828 suffocatur
1837 1774 1902 1829 et
1924 1762 2091 1853 perit
2117 1788 2133 1826 ε
2162 1775 2227 1828 et
2257 1762 2378 1830 nisi

328 1865 561 1933 habeat
591 1866 802 1954 ignem
837 1866 1015 1931 illum
1055 1866 1341 1933 divinum
1370 1870 1513 1933 loco
1543 1869 1696 1943 eibi,
1733 1881 1945 1960 potus,
1975 1869 2376 1935 indumento-

331 1996 500 2048 rum,
534 1971 990 2063 purificationis
1014 1974 1250 2050 cordis,
1280 1986 1346 2040 et
1375 1973 1895 2041 sanctificationis
1927 1973 2176 2049 animae,
2202 1995 2376 2040 com-

329 2080 747 2168 prehenditur
782 2081 861 2145 ab
909 2080 1220 2170 improbis
1257 2082 1585 2170 spiritibus
1612 2131 1631 2158 ,
1666 2105 1741 2148 ac
1777 2081 1965 2172 perit.
2003 2080 2131 2150 Nos
2161 2092 2374 2160 autem

328 2185 609 2252 studiose
647 2185 1080 2273 inquiramus,
1117 2210 1274 2266 num
1295 2188 1589 2256 seminati
1623 2187 1819 2253 simus
1849 2187 1915 2253 in
1948 2186 2242 2253 invisibili
2271 2186 2376 2259 illa
2471 2205 2474 2208 ·

328 2303 498 2358 terra
522 2336 537 2361 ,
580 2311 652 2352 ac
688 2290 955 2374 plantati
990 2291 1053 2353 in
1094 2292 1336 2354 coelesti
1372 2292 1578 2355 vinea.
1619 2292 1835 2356 Gloria
1865 2290 2377 2357 miserationibus

326 2394 467 2483 ejus
495 2393 559 2459 in
591 2404 925 2458 aeternum.
959 2392 1190 2458 Amen.

329 2608 882 2633 mmmmm-n-
893 2610 1167 2629 msssm
1177 2611 2378 2637 mmmmmwtmwsmwsmm

1065 2761 1468 2832 HOMILIA
1525 2765 1679 2835 xv,
1783 2866 1790 2871 „

328 2947 557 3014 Docet
590 2942 907 3016 Homz'lz‘a
951 2944 1113 3017 hoec
1147 2944 1451 3043 prolt‘xe
1469 2997 1489 3031 ,
1542 2970 1691 3045 quo
1724 2963 1949 3046 pacto
1990 2951 2245 3020 am‘ma
2293 2955 2372 3019 in

421 3065 797 3149 sanctitate
827 3112 847 3143 ‚
903 3066 1233 3132 castitate
1298 3086 1388 3131 ac
1418 3067 1751 3158 puritate
1804 3087 1976 3159 erga
2028 3090 2372 3162 sponsum

354 3220 361 3237 .
421 3198 629 3244 suum
694 3173 1052 3246 Christum
1102 3180 1349 3244 lesum
1370 3227 1393 3259 ,
1451 3195 1893 3248 servatorum
1946 3178 2208 3248 mundi
2225 3231 2248 3263 ‚
2292 3203 2372 3249 se

382 3312 387 3321 ·
410 3312 661 3383 gerere
681 3286 958 3358 debeat.
997 3291 1329 3361 Continet
1346 3315 1520 3362 vem
1544 3291 1910 3388 quasdam
1942 3288 2373 3388 qaoestz’ones

420 3424 705 3471 summa
758 3401 1089 3472 doctrina
1149 3401 1449 3495 refertas
1471 3456 1491 3486 ,
1555 3403 1891 3474 videlicet
1913 3456 1935 3488 ‚
1996 3417 2230 3473 utrum
2298 3406 2374 3474 in

418 3515 918 3584 resurrectione
965 3516 1208 3583 omnia
1267 3512 1583 3582 membra
1628 3531 2006 3609 resurgant
2022 3569 2043 3598 ,
2084 3531 2157 3584 et
2185 3516 2375 3587 alias

362 3652 367 3655 Α
426 3622 736 3714 infinitas
765 3626 857 3696 de
881 3628 1056 3697 vitio
1082 3681 1103 3713 ,
1140 3626 1233 3697 cle
1266 3629 1510 3722 gratia
1535 3677 1557 3709 ‚
1601 3625 1693 3695 de
1737 3624 2062 3695 libertate
2099 3627 2383 3698 arbitrii

424 3751 494 3804 et
519 3732 863 3829 dignitate
889 3742 1168 3835 generis
1211 3740 1533 3811 humani.

414 3948 459 4015 1.
515 3948 1004 4028 szmnuonun
1025 3950 1121 4015 vir
1142 3950 1399 4039 quidam
1418 4002 1435 4028 ,
1468 3952 1814 4019 admodum
1841 3947 2039 4025 dives,
2070 3972 2179 4019 rex
2197 3949 2367 4022 illus·
