2982 4885
1031 621 1039 626 ι
1088 539 1349 600 nouum
1397 541 1498 600 xv.
2198 523 2323 612 ὴὲ

290 656 647 734 §dimisisse
675 673 920 745 servos,
956 657 1038 735 ad
1064 667 1424 739 vocandum
1465 693 1611 750 eos,
1651 674 1761 764 qui
1804 674 2026 743 volunt
2069 678 2323 757 venire,

278 775 704 842 »denuntians
728 774 884 840 illis:
923 773 1264 842 Prandium
1298 797 1519 843 meum
1560 789 1847 868 paratum
1873 792 1985 846 est.
2029 781 2158 862 Qui
2182 793 2330 850 vero

268 881 527 946 »vocati
549 893 727 946 erant
756 893 1137 947 excusarunt
1166 906 1233 947 se
1264 881 1554 949 dicentes
1583 934 1600 959 ‚
1636 887 1795 950 alter
1820 887 2076 971 quidem
2103 909 2118 951 ε
2152 887 2321 965 Emi,

272 981 545 1072 »inquib
571 982 719 1074 juga
735 986 973 1051 houm:
1004 987 1161 1052 alius
1181 1038 1196 1063 ,
1223 975 1494 1078 Uxorem
1521 987 1734 1055 duxi¹.
1769 1018 1794 1049 ι
1815 987 2007 1055 Vides
2031 1004 2323 1078 paratum

270 1083 460 1164 su'isse
491 1091 599 1178 qui
641 1093 920 1167 vocavit,
970 1105 1226 1158 vocatos
1271 1111 1419 1158 vero
1459 1095 1763 1159 renuisse.
1806 1093 2100 1161 Profecto
2129 1095 2196 1166 1ιί
2227 1096 2325 1184 sui

276 1190 467 1280 ipsius
484 1218 573 1260 rm
557 1195 734 1262 sacti
754 1209 917 1261 sunt.
939 1187 1140 1263 Tanta
1164 1208 1259 1262 est
1281 1197 1474 1286 igitur
1489 1197 1761 1285 dignitas
1779 1193 2319 1266 Christianorum!

162 1303 169 1306 ’
272 1295 598 1396 Perpende
639 1301 988 1368 Dominum
1037 1321 1423 1392 praeparasse
1463 1303 1585 1366 illis
1626 1321 1935 1387 regnum,
1970 1316 2034 1368 et
2066 1303 2324 1372 vocasse

271 1387 412 1470 illos
460 1407 539 1472 ad
592 1407 1112 1494 ingrediendum,
1167 1406 1334 1493 ipsos
1376 1427 1528 1471 vero
1559 1403 1856 1470 noluisse.
1912 1401 2008 1472 De
2054 1421 2323 1475 munere

273 1513 450 1597 ergo,
469 1501 639 1594 quod
660 1509 999 1574 Christiani
1020 1510 1457 1574 haereditario
1438 1529 1579 1598 jure
1593 1511 1939 1598 possessuri
1959 1523 2130 1585 sunt,
2150 1521 2325 1577 recte

274 1607 400 1676 h'oc
446 1609 586 1699 quis
633 1611 845 1676 dicere
892 1610 1092 1704 possit
1108 1636 1127 1684 3
1183 1612 1232 1676 si
1286 1611 1590 1699 quisque,
1641 1631 1718 1676 ex
1762 1633 1888 1699 quo
1934 1623 2183 1678 creatus
2228 1621 2325 1680 est

270 1715 477 1806 Adam
496 1767 513 1800 ,
536 1740 737 1804 usque
768 1715 846 1781 ad
871 1715 1486 1781 consummationem
1522 1714 1779 1793 mundi,
1809 1714 2320 1783 dimicaret-con·

272 1827 367 1885 tra
400 1817 734 1895 Satanam,
761 1832 826 1887 et
847 1820 1183 1885 sustineret
1209 1815 1612 1896 afflictiones,
1640 1819 2033 1908 mhntmaom
2058 1843 2321 1910 perage-

273 1929 369 1992 ret
390 1938 684 2026 respectu
706 1928 944 2018 gloriae,
973 1949 1161 2014 quam
1188 1931 1651 1992 consecuturus
1673 1939 1807 2001 est·
1832 1872 2121 2016 regenabit
2144 1926 2315 1993 enini

270 2030 333 2097 in
381 2015 625 2122 infinita
668 2035 896 2100 saecula
948 2056 1071 2098 una
1118 2056 1267 2098 cum
1326 2029 1604 2098 Christo.
1663 2029 1879 2097 Gloria
1917 2032 1996 2098 sit
2044 2030 2162 2109 illi„
2205 2025 2314 2121 quil

271 2150 443 2203 tanto
488 2149 866 2228 prosecutus
907 2148 1002 2202 est
1050 2157 1267 2204 amore
1314 2141 1503 2204 talem
1550 2136 1865 2212 animam,
1901 2149 1973 2202 ut
2003 2147 2068 2202 s‘e
2106 2137 2312 2227 ipsum

268 2264 340 2308 ac
366 2266 545 2308 suam
582 2244 846 2329 gratiam
880 2244 1221 2307 contulerit
1253 2264 1325 2308 ac
1352 2241 1697 2308 crediderit
1722 2242 1965 2306 animae.
1998 2241 2211 2307 Gloria
2238 2239 2319 2308 sit

262 2370 365 2416 ma
416 2344 755 2416 nificentiae
783 2344 941 2430 ejus.
1148 2357 1153 2364 ·

424 2444 633 2518 XXII.
691 2449 1058 2549 Secundum
1109 2469 1219 2519 ea,
1268 2464 1408 2532 qua:
1455 2445 1657 2509 oculis
1702 2459 1950 2531 patent,
2000 2470 2152 2513 ecce
2197 2472 2314 2515 nos

267 2580 489 2625 omnes
513 2554 783 2631 fratreS,
815 2542 923 2647 qui
962 2553 1293 2624 sedemus,
1336 2572 1459 2613 una
1496 2544 1713 2613 sumus
1737 2548 2023 2637 praediti
2006 2551 2308 2639 imagine,

269 2676 458 2763 atque
474 2685 595 2728 una
616 2660 770 2725 facie
790 2658 957 2724 Adae.
986 2654 1115 2721 Est·
1125 2678 1363 2743 necrgo
1393 2655 1584 2719 etiam
1616 2653 1677 2717 in
1709 2654 1966 2719 secretis
1989 2665 2052 2719 et
2075 2644 2311 2721 intimis

267 2766 463 2832 rebus
519 2788 641 2830 una
686 2760 972 2831 omnium
1022 2748 1356 2827 voluntaS.
1341 2758 1377 2806 ³
1412 2783 1610 2825 unum
1664 2759 1837 2849 cor?
1885 2780 2106 2825 omnes
2157 2764 2308 2851 ergo

256 2858 463 2938 'unum
498 2871 766 2963 erimus,
799 2868 951 2936 boni
980 2880 1044 2934 et
1074 2866 1390 2955 religiosi.
1374 2864 1405 2912 θ
1439 2888 1517 2931 an
1552 2866 1772 2953 utique
1804 2864 2061 2952 quidam
2095 2888 2172 2930 ex
2203 2880 2310 2930 no'·

260 2972 371 3047 bis
407 2990 585 3053 sunt
636 2977 743 3065 qui
798 2960 1169 3041 societatem
1215 2968 1496 3036 inierunt
1549 2980 1693 3035 etim
1741 2968 1990 3036 Christo
2042 2970 2308 3058 ejusque

264 3060 557 3171 Angelis;
586 3066 825 3169 reliqui
842 3096 986 3149 vcro
1014 3100 1161 3141 cum
1190 3074 1418 3141 Satana
1446 3087 1511 3142 et
1538 3076 1930 3141 dromonibus
1953 3080 2305 3164 utcumque

265 3208 483 3249 omnes
517 3185 686 3252 velut
719 3208 882 3253 ιιιιιι5
916 3168 1245 3247 videamur
1276 3180 1548 3247 sedere?
1579 3204 1772 3247 unam
1819 3180 2073 3305 quippe·
2078 3176 2306 3248 faciem

265 3278 416 3357 Adae
461 3300 797 3381 gestamus·
857 3278 1205 3365 Vides-ne,
1260 3288 1580 3375 quomodo
1629 3288 1800 3353 aliud
1856 3283 2179 3375 quippiam
2199 3274 2308 3353 s'it

263 3390 608 3471 substantia
642 3394 1022 3465 intellectiva
1042 3445 1060 3469 ,
1106 3394 1364 3459 interior
1394 3395 1688 3460 videlicet
1718 3394 1912 3459 homo
1932 3442 1947 3466 ‚
1985 3412 2176 3479 quam
2200 3396 2303 3458 ex-

260 3498 496 3565 terior?
529 3523 748 3566 omnes
787 3498 957 3564 enim
997 3484 1297 3585 tanquam
1345 3521 1510 3562 unus
1552 3522 1688 3564 csse
1737 3484 2045 3563 videmur.
2103 3492 2183 3563 Et
2238 3494 2301 3563 bi

342 3588 519 3665 idem
556 3626 700 3671 cum
743 3594 996 3670 Christo
1037 3615 1101 3667 et
1140 3600 1396 3697 Angelis
1448 3600 1586 3686 ejus
1629 3615 1813 3673 sunt,
1825 3602 1938 3665 illi
1970 3624 2119 3666 vero
2151 3614 2297 3667 enm

351 3716 495 3769 tana
533 3715 596 3768 et
624 3702 966 3785 immundis
1005 3706 1348 3798 spititibus.
1386 3705 1550 3769 Ct'nn
1575 3722 1724 3792 ergo
1755 3715 1872 3767 cor
1900 3703 2297 3789 profundita-

260 3821 392 3877 tem
427 3800 734 3872 infinitam
764 3810 1026 3886 habeat,
1070 3808 1156 3877 ibi
1203 3823 1348 3876 sunt
1384 3794 1687 3883 triclinia,
1725 3802 2063 3887 cubicula,
2088 3806 2297 3882 sores,

258 3911 597 3987 vestibula,
609 3910 950 3979 ministeria
980 3919 1180 3982 multa
1211 3924 1277 3982 et
1305 3914 1546 3999 exitus.
1577 3914 1665 3981 ibi
1704 3920 1800 3980 est
1832 3906 2081 3982 officina
2109 3906 2305 4005 justi-

334 4076 349 4101 ι
372 4047 494 4099 Luc.
517 4064 619 4106 xxv,
644 4045 718 4106 ιθ.
744 4064 762 4098 ι
772 4064 824 4114 9,
844 4064 903 4099 20
919 4084 934 4106 ,
959 4057 1009 4101 et
1031 4051 1211 4106 unuh.
1238 4068 1363 4115 xxu,
1386 4054 1435 4114 4.
