2982 4885
1124 523 1382 579 nomm
1427 527 1601 583 mn.
2246 515 2372 614 ¹7³

330 740 421 770 ⁸ss
431 749 702 772 “nv-*⁸825
709 749 1261 775 mmmmm
1269 756 1439 777 ww
1452 756 2378 789 mmmmm*

1008 915 1417 990 HOMILIA
1465 920 1685 992 XXII.
1709 903 1720 912 ’

332 1119 448 1188 De
477 1114 757 1215 duplici
779 1132 971 1189 statu
1004 1144 1249 1193 eorum
1266 1176 1290 1209 ,
1331 1126 1460 1222 qui
1489 1150 1583 1196 ex
1614 1126 1757 1200 hac
1795 1130 1953 1201 vita
1994 1128 2372 1206 decedunt.

421 1343 691 1423 Quamno
734 1348 1055 1434 egreditur
1099 1371 1137 1414 e
1182 1371 1449 1439 corpore
1501 1353 1708 1418 anima
1753 1353 2028 1424 hominis
2056 1407 2076 1438 ,
2129 1374 2371 1449 myste-

333 1448 500 1512 rium
531 1453 850 1536 quoddam
880 1474 1183 1540 magnum
1214 1454 1343 1534 illic
1363 1455 1711 1543 perficitur.
1749 1458 1818 1523 Si
1848 1462 2019 1526 enim
2039 1464 2231 1530 suerit
2260 1488 2368 1532 rea

334 1553 618 1639 peccati,
661 1554 976 1617 accedunt
1010 1555 1190 1618 chori
1219 1559 1626 1635 daemonum,
1659 1572 1725 1625 et
1759 1564 1968 1650 angeli
1985 1566 2260 1643 -sinistri,
2295 1591 2368 1636 ac

332 1666 677 1745 potestates
723 1657 1184 1733 tenebrarum,
1237 1660 1563 1749 abripiunt
1601 1663 1877 1729 animam
1914 1666 2134 1745 illam,
2187 1683 2375 1760 atque

334 1760 737 1848 subjugatam
786 1762 852 1827 in
901 1785 1043 1828 suas
1085 1776 1297 1852 partes
1341 1767 1772 1855 pertrahunt.
1822 1793 1941 1837 nec
1995 1775 2185 1841 debet
2230 1778 2371 1865 quis

332 1880 663 1956 propterea
688 1868 861 1934 velut
892 1891 961 1933 re
989 1869 1285 1957 quapiam
1311 1869 1605 1939 insolita
1586 1897 1653 1939 m
1684 1875 2165 1947 admirationem
2190 1883 2359 1951 duci.

332 1970 398 2036 Si
426 1972 637 2047 enim,
679 1973 831 2037 dum
868 1973 1107 2040 viveret
1136 1974 1377 2053 homo,
1420 1989 1485 2043 et
1517 1977 1583 2044 in
1627 1977 1753 2046 hoc
1792 1983 2027 2049 saeculo
2066 1987 2367 2080 degeret,

332 2075 450 2141 illis
480 2077 806 2165 subjectus
835 2077 955 2143 suit
985 2091 1049 2145 et
1073 2079 1573 2171 obtemperavit,
1602 2108 1676 2151 ac
1701 2109 1916 2156 servus
1948 2091 2203 2158 illorum
2233 2093 2370 2162 sac-

332 2194 431 2246 tus
456 2195 589 2258 est,
625 2194 863 2268 quanto
889 2184 1086 2272 magis
1118 2208 1266 2251 cum
1289 2189 1613 2276 egreditur
1636 2214 1715 2257 ex
1735 2195 2013 2271 mundo,
2051 2197 2370 2266 detinetur

334 2306 404 2348 ac
431 2284 810 2371 subjugatur
838 2288 916 2350 ab
954 2287 1143 2373 ipsis?
1173 2290 1266 2354 Ex
1296 2303 1473 2376 parte
1508 2305 1718 2360 autem
1737 2343 1756 2370 ,
1788 2319 1929 2382 quae
1966 2299 2242 2364 melioris
2272 2314 2371 2368 est

334 2385 714 2452 conditionis
745 2399 923 2475 potes
968 2410 1352 2476 cognoscere
1390 2414 1527 2459 rem
1557 2395 1640 2459 ita
1685 2418 1822 2462 sese
1853 2401 2109 2469 habere.
2167 2402 2371 2469 Sane-

334 2493 412 2557 tis
444 2491 754 2579 siquidem
792 2491 989 2556 servis
1020 2491 1135 2556 Dei
1168 2493 1247 2557 ab
1277 2494 1402 2558 hoc
1441 2507 1727 2584 tempore
1756 2511 1960 2585 astant
1997 2504 2259 2593 Angeli.
2281 2530 2370 2573 ac

333 2597 605 2685 Spiritus
650 2596 853 2662 sancti
890 2597 1323 2676 circumdant,
1377 2623 1608 2688 easque
1643 2605 2030 2674 custodiunt.
2080 2609 2371 2701 Cumque

332 2700 599 2765 exierint
637 2724 673 2765 e
713 2722 1020 2789 corpore,
1081 2701 1259 2769 chori
1306 2704 1694 2794 Angelorum
1750 2725 2100 2802 assumptas
2143 2738 2368 2785 eorum

334 2804 582 2873 animas
616 2806 680 2872 in
724 2829 903 2873 suam
947 2820 1189 2894 partem
1233 2811 1647 2898 pertrahunt,
1699 2813 1763 2880 in
1802 2820 2106 2886 saeculum
2150 2843 2372 2965 perpe-

334 2924 551 2990 tuum,
589 2924 651 2977 et
691 2913 780 2979 sic
813 2900 1143 2980 adducunt
1172 2937 1280 2981 eos
1326 2919 1406 2985 ad
1433 2918 1795 2987 Dominum.

328 3133 416 3152 “S
427 3135 566 3154 §§§§§
577 3133 882 3153 §QU-mm
904 3134 2278 3167 mmmmmmmmmmmWQWWQ
2289 3147 2379 3169 m
2419 3158 2423 3162 .

1002 3274 1395 3383 nonnus&
1448 3274 1703 3354 xxm.

339 3463 970 3555 Quemadmodum
1019 3473 1291 3559 regiam
1342 3491 1431 3535 ac
1473 3467 1867 3561 pretiosam
1901 3472 2370 3563 margaritam
2438 3459 2449 3468 ”

423 3595 704 3670 gestare
725 3578 961 3650 solum
980 3590 1328 3674 possunt,
1375 3582 1507 3673 qui
1548 3599 1645 3647 ex
1675 3582 1871 3670 regio
1902 3583 2177 3648 senu'ne
2205 3598 2379 3653 sunt

422 3698 768 3789 prognati
818 3720 838 3760 .·
909 3691 1164 3762 eodem
1210 3688 1444 3759 .modo
1506 3686 1857 3757 coelestem
1907 3696 2373 3795 margaritam

431 3798 662 3868 solum
687 3801 874 3890 fillis
914 3807 1057 3874 Dec·
1091 3819 1373 3900 gestare
1413 3800 1595 3873 licet.
1709 3802 1712 3811 '

420 3991 468 4058 1.
527 3991 905 4059 MAncAm‘rA
940 3993 1044 4061 illa
1068 3997 1432 4089 splendida,
1462 3946 1741 4089 §retinen
1772 4005 1958 4082 atque
1985 3997 2156 4088 regia
2175 4049 2197 4079 ‚
2230 4024 2373 4092 qno
