2982 4885
1104 652 1361 699 BomuA
1407 653 1622 696 xxvut.
1952 670 1969 683 ο
2258 661 2294 704 2
2308 662 2332 704 1
2346 662 2382 726 7
2492 692 2499 697 .

351 891 716 911 mmmss-
726 893 905 914 ww·
915 892 1644 917 mmmmwmflssw
1657 897 2296 922 mssfflmmssmu'
2306 903 2398 924 m

978 1089 1381 1161 HOMILIA
1428 1092 1755 1162 XXVIII.

354 1329 705 1402 Describit
749 1356 836 1402 ac
905 1329 1240 1428 deplorat
1298 1330 1460 1402 hoec
1517 1329 1838 1400 Honu'lia
1905 1330 2390 1404 calamitatem

450 1450 753 1528 am'moe,
813 1448 888 1513 ιή
942 1469 1083 1539 qua
1117 1459 1419 1540 propter·
1465 1459 1853 1542 peccatum
1909 1471 2055 1516 non
2109 1446 2395 1516 habitat
2462 1442 2470 1457 ’

461 1548 799 1625 Christus.
872 1559 941 1621 E
945 1569 973 1623 t
1028 1555 1121 1623 de
1178 1561 1455 1626 Ioanne
1515 1559 1843 1654 Baptista
1878 1611 1900 1643 ,
1962 1558 2169 1654 quod
2217 1560 2401 1628 inter

453 1682 664 1738 natos
704 1665 1074 1736 mulierum
1128 1664 1400 1774 nullus*
1416 1692 1503 1739 eo
1550 1675 1647 1739 sit
1687 1668 1938 1767 major.

445 1908 492 1972 Ι.
551 1904 1039 1986 Qussusnuonum
1087 1907 1239 1972 olim
1293 1906 1461 1973 Deus
1513 1908 1792 1975 infensus
1838 1906 1880 1972 J
1885 1907 2076 1972 udaeis
2137 1906 2397 1975 tradidit

353 2009 704 2077 Jerusalem
729 2011 793 2076 in
825 2014 1260 2100 spectaculum
1286 2013 1610 2100 hostibus,
1637 2027 1705 2080 et
1734 2012 2040 2078 dominati
2068 2022 2219 2077 sunt
2247 2036 2357 2077 eos
2374 2062 2392 2087 ,

356 2114 461 2202 qui
487 2117 754 2182 oderant
786 2116 956 2192 illos,
984 2140 1103 2183 nec
1136 2129 1271 2183 erat
1295 2119 1567 2207 amplius
1591 2117 1680 2184 ibi
1705 2118 1969 2194 festum,
1995 2141 2203 2205 neque
2226 2119 2398 2197 obla-

357 2220 446 2284 tio
490 2243 505 2284 ε
556 2221 644 2286 sic
697 2221 889 2285 etiam
943 2222 1140 2286 iratus
1205 2224 1465 2297 animae,
1519 2237 1780 2313 propter
1838 2223 2397 2310 transgressionem

359 2323 675 2395 mandati,
703 2324 959 2387 tradidit
982 2347 1123 2387 eam
1155 2326 1442 2390 hostibus
1461 2373 1477 2399 ,
1518 2326 1911 2391 ‹laemonihus
1942 2339 2008 2390 et
2047 2325 2400 2390 affectioni-

363 2424 484 2490 bus
512 2448 528 2488 :
566 2424 676 2512 qui
707 2446 856 2489 cum
888 2425 978 2489 sic
1010 2426 1407 2492 seduxissent
1433 2450 1575 2492 eam
1596 2476 1613 2503 ,
1633 2430 1882 2515 penitus
1911 2454 2052 2495 eam
2085 2428 2401 2494 deforma-

365 2541 560 2594 runt:
598 2551 717 2594 nec
754 2530 1021 2617 amplius
1058 2529 1187 2594 illic
1234 2543 1368 2595 erat
1413 2530 1679 2607 festum,
1733 2554 1851 2597 nec
1884 2531 2213 2597 incensum
2235 2583 2252 2608 ,
2286 2556 2406 2599 nec

366 2635 601 2701 oblatio
625 2658 741 2726 per
770 2657 912 2700 eam
935 2635 1071 2700 Deo
1102 2635 1521 2712 offerebatur,
1550 2636 1804 2726 repletis
1827 2637 1892 2702 in
1915 2637 2029 2704 viis
2055 2637 2404 2726 insignibus

367 2739 505 2828 ejus
539 2740 686 2805 diris
710 2739 855 2804 seris
873 2789 889 2814 ,
920 2761 993 2804 ac
1019 2740 1347 2829 reptilibus
1372 2741 1693 2830 spiritibus
1722 2742 1787 2806 in
1818 2766 1892 2807 ea
1918 2742 2399 2809 diversantibus.

367 2846 449 2910 Et
480 2844 1016 2933 quemadmodum
1050 2849 1308 2923 domus,
1346 2849 1394 2912 si
1436 2861 1649 2913 careat
1678 2849 1951 2914 Domino
1982 2847 2401 2923 inhabitante,

370 2954 661 3018 tenebras
681 3001 699 3028 ,
735 2953 1042 3039 probrum
1057 2975 1127 3017 ac
1160 2953 1611 3018 contumeliam
1639 2955 1872 3031 induit,
1899 2955 2316 3043 sordibusque
2333 2976 2407 3020 ac
2484 2959 2493 2966 ‘

366 3071 647 3124 stercore
701 3061 1013 3146 repletum
1078 3058 1166 3123 sic
1214 3080 1467 3146 quoque
1523 3060 1728 3134 anima
1780 3061 2106 3127 destituta-
2133 3061 2407 3127 Domino

331 3251 334 3254 Ι
370 3186 520 3238 suo,
553 3185 699 3226 cum
735 3164 990 3252 Angelis
1021 3163 1085 3227 in
1119 3186 1185 3228 se
1213 3163 1631 3252 tripudiante,
1659 3165 1937 3230 tenebris
1959 3166 2242 3254 peccati,
2278 3178 2407 3231 tur-

367 3268 654 3358 pitudine
687 3267 1092 3333 affectionum
1125 3282 1313 3357 atque
1345 3270 1520 3336 omui
1554 3271 1893 3359 ignominia
1918 3273 2218 3359 repletur.

457 3373 534 3438 11.
589 3373 696 3438 Vae
735 3373 888 3450 viae,
932 3374 984 3437 si
1029 3397 1217 3438 nemo
1255 3375 1321 3438 in
1358 3398 1434 3440 ea
1473 3366 1797 3449 ambulet,
1841 3394 1962 3438 nec
1995 3371 2210 3435 audiat
2243 3371 2306 3436 in
2336 3395 2410 3437 ea

369 3500 593 3544 vocem
634 3477 960 3543 hominis!
1011 3479 1157 3564 quia
1205 3481 1683 3564 receptaculum
1733 3489 1839 3544 est,
1875 3474 2244 3541 bestiarum.
2305 3476 2407 3543 Vae

375 3582 598 3646 animae
632 3631 650 3656 ,
685 3585 735 3648 si
774 3606 904 3649 non
951 3582 1234 3646 ambulet
1275 3580 1338 3642 in
1385 3601 1458 3643 ea
1491 3581 1803 3656 Dominus
1836 3629 1853 3653 ,
1894 3591 2081 3666 atque
2112 3601 2268 3646 voce
2299 3605 2411 3648 sua

377 3685 552 3769 fuget
580 3708 657 3749 ex
676 3710 748 3750 ea
773 3688 1126 3775 spirituales
1158 3682 1453 3773 nequitiae
1486 3682 1754 3748 bestias!
1789 3682 1897 3747 Voe
1924 3680 2177 3756 domui,
2208 3684 2411 3749 sinon

382 3790 676 3862 dominus
714 3813 854 3855 eam
889 3793 1237 3881 inhabitet!
1273 3792 1381 3858 Vae
1416 3805 1598 3857 terrae
1619 3841 1636 3868 ,
1672 3790 1723 3856 si
1750 3788 2057 3865 caruerit,
2090 3787 2200 3876 qui
2229 3811 2413 3856 exer-

382 3906 525 3962 ceat
556 3916 734 3969 eam,
785 3896 1045 3957 colono!
1093 3896 1195 3962 Vae
1230 3898 1407 3971 navi,
1440 3897 1490 3962 si
1526 3895 1905 3962 destituatur
1940 3894 2367 3982 gubernatore
2390 3943 2408 3968 ,

382 3999 685 4090 quoniam
720 3997 1023 4064 fluctibus
1057 4012 1120 4066 et
1157 4014 1527 4090 tempestate
1566 4002 1757 4067 maris
1793 4000 2026 4088 jactata
2055 3999 2252 4089 perit!
2304 3999 2413 4066 Vae

383 4107 609 4177 animae
629 4156 649 4188 ,
700 4127 850 4182 cum
892 4128 1112 4204 verum
1154 4108 1645 4196 gubernatorem
1693 4106 2016 4179 Christum
2057 4107 2126 4177 in
2173 4129 2242 4176 se
2283 4126 2415 4175 non
