2982 4885
1107 542 1361 589 aemma
1408 540 1581 584 xmu.
2249 521 2378 610 269

358 697 384 728 ι
413 667 646 755 Diliges
674 661 1022 731 Dominum
1058 659 1264 725 Deum
1300 669 1480 721 tuum
1509 676 1588 719 ex
1617 657 1749 717 toto
1776 655 1966 718 corde
2000 653 2145 720 tuo¹
2181 679 2197 720 ε
2232 684 2259 718 ι
2287 680 2369 723 ne

341 776 585 848 solum,
630 769 885 857 quando
931 762 1283 854 ingreditur
1314 758 1699 832 oratorium,
1744 756 1961 844 diligat
1990 757 2368 840 Dominum,

342 880 453 942 scd
475 877 662 942 etiam
690 873 1055 946 ambulans,
1091 871 1459 954 colloquens
1488 913 1508 939 ,
1535 875 1601 929 et
1629 863 2002 940 comedens,
2038 866 2102 932 in
2135 891 2373 936 memo-
2391 854 2406 872 ⁸
2469 915 2475 922 .

342 985 433 1050 ria
476 984 681 1049 Deum
724 979 990 1051 habeat,
1041 974 1300 1064 diligat,
1338 984 1403 1038 et
1443 991 1660 1036 amore
1690 982 2126 1057 prosequatur.
2165 975 2378 1063 Inquit

339 1090 508 1154 enim
546 1110 562 1153 ε
599 1112 627 1147 ι
657 1084 781 1151 Ubi
810 1104 990 1148 mens
1022 1092 1165 1158 tua,
1195 1078 1285 1146 ibi
1311 1099 1567 1166 quoque
1597 1074 1932 1140 thesaurus
1966 1075 2172 1143 tuus².
2218 1107 2245 1141 ι
2279 1081 2377 1149 Ad

342 1211 817 1280 quamcumque
844 1187 1017 1252 enim
1046 1207 1184 1251 rem
1222 1204 1335 1250 cor
1361 1181 1631 1269 alicujus
1657 1179 1969 1267 alligatur,
1988 1193 2053 1246 et
2083 1204 2211 1271 quo
2233 1208 2381 1254 eum

344 1299 536 1365 trahit
567 1297 835 1387 cupido,
872 1295 976 1359 illa
1005 1315 1108 1357 res
1140 1303 1235 1357 est
1264 1289 1405 1378 ejus
1428 1287 1620 1354 Deus.
1655 1285 1724 1350 Si
1764 1286 2081 1354 desideret
2100 1312 2214 1356 cor
2233 1294 2379 1360 ubi-

347 1429 470 1492 que
503 1403 848 1470 Dominum
873 1447 890 1473 ,
937 1398 1206 1486 ipse‘est
1240 1394 1553 1461 Dominus
1596 1390 1806 1457 cordis
1843 1390 2002 1478 ejus.
2051 1394 2380 1487 Quispiam

348 1533 498 1576 vero
526 1560 543 1584 ,
587 1507 698 1594 qui
742 1501 1244 1574 abrenuntiavit,
1288 1497 1714 1583 omnibusque
1755 1496 1885 1561 suis
1930 1497 2336 1568 facultatibus
2361 1553 2382 1580 ,

349 1630 412 1681 ot
443 1613 604 1679 urbe
632 1608 901 1682 relictis,
935 1605 1177 1694 jejunio
1203 1605 1310 1669 dat
1333 1625 1626 1692 operam,
1656 1601 1773 1667 iste
1794 1601 1890 1666 sui
1925 1601 2117 1690 ipsius
2145 1604 2388 1674 homini

353 1720 561 1785 adhuc
592 1714 877 1803 alligatus
902 1712 1136 1785 haeret,
1164 1722 1272 1774 aut
1307 1708 1498 1773 rebus
1529 1707 1904 1782 mundanis,
1936 1718 2046 1771 aut
2067 1707 2391 1777 familiari-

352 1828 504 1900 buS,
555 1833 662 1887 aut
692 1817 891 1887 amori
923 1828 1321 1907 parentum:
1355 1814 1466 1878 uhi
1503 1812 1826 1900 alligatum
1865 1824 1963 1877 est
1996 1812 2136 1899 ejus
2165 1836 2297 1891 cor,
2328 1829 2394 1884 et

349 1952 531 1996 mens
561 1927 700 2015 ejus
734 1923 1081 2012 captivata,
1113 1920 1229 1986 id
1211 1940 1417 2009 ipsum
1440 1930 1538 1984 est
1568 1917 1708 2003 ejus
1743 1917 1932 1982 Deus·
1947 1929 2015 1982 et
2044 1917 2393 2008 deprehen-

344 2036 522 2101 ditur
536 2032 793 2121 quidem
820 2050 934 2117 per
959 2028 1230 2116 amplam
1265 2035 1516 2145 portam
1541 2045 1578 2087 e
1600 2022 1843 2088 mundo
1873 2025 2238 2102 excessisse,
2275 2050 2391 2116 per

354 2139 648 2204 ostiolum
679 2146 890 2199 autem
922 2133 1239 2219 ingressus
1270 2128 1338 2195 in
1366 2129 1684 2194 mundum
1711 2126 2028 2194 incidisse.
2062 2129 2390 2210 Quemad-

353 2245 619 2307 modum
653 2249 966 2303 sarmenta
998 2237 1065 2299 in
1099 2236 1309 2322 ignem
1342 2233 1631 2319 projecta
1652 2244 1981 2317 nequeunt
2011 2234 2303 2302 resistere
2327 2241 2389 2305 vi

356 2345 558 2432 ignis,
596 2342 706 2404 sed
738 2337 1069 2404 confestim
1100 2336 1606 2405 comburuntur:
1642 2332 1731 2396 sic
1755 2356 2009 2420 quoque
2041 2337 2389 2418 daemones,

359 2448 469 2537 qui
518 2445 760 2511 bellum
805 2442 1029 2507 volunt
1071 2437 1303 2503 inferre
1352 2433 1595 2501 homini
1639 2434 1949 2521 Spiritum
1998 2422 2392 2520 consecuto,

362 2552 833 2618 comburuntur
857 2557 923 2611 et
943 2554 1406 2610 consumuntur
1431 2563 1464 2606 a
1498 2538 1705 2606 divina
1726 2538 1960 2605 virtute
1985 2540 2177 2629 ignis,
2202 2549 2398 2614 modo

360 2661 554 2723 homo
586 2665 895 2744 perpetuo
932 2648 1208 2716 Domino
1244 2646 1609 2719 adhaereat,
1645 2642 2077 2732 fiduciamque
2119 2661 2186 2714 et
2214 2674 2393 2740 spem

362 2767 424 2830 in
470 2783 620 2827 eum
666 2760 953 2825 collocet.
1007 2755 1088 2821 Et
1135 2752 1187 2820 si
1223 2752 1459 2819 fuerint
1505 2751 1824 2816 daemones
1867 2751 2061 2818 fortes
2094 2802 2112 2829 ,
2162 2759 2396 2827 robore

363 2869 691 2937 montibus
723 2864 892 2930 haud
917 2860 1266 2935 absimiles,
1295 2858 1373 2924 ab
1397 2857 1681 2923 oratione
1713 2857 2203 2938 comburuntur,
2227 2867 2402 2933 velut

367 3000 511 3043 cera
559 2973 639 3039 ab
673 2971 819 3060 igni.
869 2969 1098 3057 Ingens
1135 2987 1285 3031 vero
1326 2965 1561 3030 interea
1599 2962 1937 3028 intercedit
1965 2977 2290 3047 certamen
2324 2993 2399 3037 ac

363 3083 604 3147 bellum
636 3076 860 3143 anim'ae
891 3073 1188 3140 adversus
1211 3070 1489 3136 eosdem.
1529 3067 1735 3135 Fluvii
1766 3066 2115 3135 draconum
2139 3086 2286 3140 sunt
2321 3074 2400 3142 il·-

367 3186 449 3250 lic
469 3234 485 3259 ,
521 3196 706 3271 atque
736 3203 847 3246 ora
874 3180 1131 3245 leonum
1155 3226 1172 3252 ,
1206 3175 1366 3265 ignis
1397 3160 1755 3240 accendens
1781 3171 2054 3240 animam
2089 3182 2399 3264 quemad-

308 3314 309 3317 ¹
369 3290 631 3354 modum
674 3309 826 3375 ergo
855 3284 1173 3374 perfectus
1211 3283 1276 3347 in
1313 3281 1482 3346 malo
1517 3277 1976 3345 committendo
1998 3328 2016 3355 ,
2053 3282 2403 3351 inebriatus

370 3394 592 3481 spiritu
615 3391 845 3458 erroris
862 3436 879 3463 ,
913 3385 1259 3454 homicidio
1283 3397 1390 3451 aut
1415 3384 1726 3449 adulterio
1752 3383 2027 3455 deditus,
2058 3389 2404 3454 exsaturari

372 3497 607 3562 malitia
639 3492 863 3581 nequit
897 3513 917 3553 t
949 3490 1039 3553 sic
1066 3509 1320 3573 quoque
1353 3485 1692 3550 Christiani
1721 3534 1738 3559 ,
1772 3484 2076 3572 baptizati
2111 3485 2174 3550 in
2204 3488 2371 3578 Spiri
2391 3530 2407 3541 ·

373 3610 510 3662 tum
557 3610 889 3672 sanctum,
936 3591 1125 3658 rudes
1157 3589 1436 3654 evadunt
1473 3587 1794 3650 vitiorum.
1841 3587 1969 3665 Qui
2001 3610 2151 3652 vero
2182 3611 2410 3669 conse-

376 3701 507 3765 cuti
548 3701 811 3787 gratiam
858 3699 1066 3763 adhuc
1108 3691 1580 3783 permiscentur
1616 3700 1917 3777 peccato,
1970 3691 2035 3754 hi
2083 3691 2198 3756 sub
2232 3708 2410 3761 metu

376 3817 563 3877 sunt,
595 3815 662 3867 et
684 3824 798 3889 per
828 3798 1292 3866 formidabilem
1321 3797 1537 3860 locum
1573 3794 1693 3859 iter
1725 3792 1985 3860 faciunt.

466 3908 568 3975 Ν.
624 3904 1184 3989 Quemadmodum
1226 3900 1396 3967 enim
1440 3910 1834 3968 mercatores
1883 3901 2037 3968 dum
2076 3904 2405 3995 navigant,

443 4045 643 4098 ineat.
672 4044 812 4106 v¹,‘6.
845 4038 1352 4100 -nnauh.vn,21.
2148 4033 2156 4037 ”
