2982 4885
650 496 782 567 ⁸90
1324 492 1371 534 s.
1425 489 1690 536 nimau
1735 490 2004 535 zerra-11

646 615 847 686 dium,
878 608 1049 698 quod
1078 605 1324 673 liberati
1363 619 1574 672 essent
1606 630 1638 671 a
1670 608 1977 694 squallida
2011 607 2318 674 servitute
2346 630 2363 673 ε
2399 606 2498 674 his
2526 628 2665 673 vero

644 722 854 790 luctus
882 730 945 783 et
977 718 1266 805 planctus
1295 724 1560 802 propter
1589 713 1912 778 interitum
1943 715 2319 779 liberorum.
2355 715 2566 794 Quare
2587 715 2666 778 in·

645 825 780 914 quit
811 823 1058 889 Moses:
1105 847 1131 880 ι
1165 820 1315 885 Haee
1346 830 1443 883 est
1472 840 1621 893 nox,
1665 818 1731 883 in
1761 842 1886 906 qua
1927 819 2244 907 pollicitus
2277 833 2376 885 est
2418 821 2582 885 Deus
2609 840 2668 886 se

646 932 1170 1016 tredempturum
1203 948 1317 990 nos
1338 924 1384 990 ¹.
1417 924 1610 990 »nme
1646 937 1858 990 autem
1889 926 2098 990 omnia
2132 927 2502 1013 mysterium
2534 933 2671 990 sunt

644 1035 867 1102 animae
892 1056 1004 1120 per
1027 1034 1368 1097 adventum
1394 1029 1628 1095 Christi
1654 1033 2019 1119 redemptae.
2057 1033 2251 1097 Israel
2278 1033 2448 1096 enim
2477 1032 2666 1098 inter-

640 1139 994 1229 pretatione
1040 1136 1327 1202 redditur
1350 1134 1617 1200 Animus
1647 1137 1864 1201 videns
1895 1137 2119 1201 Deum.
2160 1135 2494 1203 Liberatur
2521 1157 2663 1224 ergo

648 1268 683 1314 a
705 1246 1007 1312 servitute
1033 1243 1467 1316 tenebrarum,
1498 1242 1574 1306 ab
1601 1241 1911 1329 AEgyptiis
1937 1241 2278 1328 spiritibus.

735 1350 838 1418 Vl.
906 1350 1247 1436 Postquam
1299 1348 1469 1413 enim
1523 1370 1641 1436 per
1706 1347 2204 1413 inobedientiam
2254 1363 2542 1415 mortuus
2589 1358 2676 1411 est

646 1457 841 1528 bomo
886 1457 1059 1545 gravi
1102 1467 1309 1520 morte
1345 1454 1593 1529 animae,
1627 1467 1692 1520 et
1724 1454 2240 1520 maledictionem
2273 1479 2465 1543 super
2492 1455 2679 1518 male·-

648 1563 991 1632 dictionem
1045 1562 1319 1649 suscepit
1345 1583 1362 1625 ε
1421 1586 1446 1620 ι
1488 1561 1785 1627 Tribulos
1838 1575 1904 1627 et
1952 1561 2163 1649 spinas
2216 1561 2537 1648 producet
2577 1557 2682 1623 tibi

647 1669 919 1738 nerra&
947 1670 1070 1733 »Et
1100 1669 1329 1733 iterum
1358 1689 1372 1730 ε
1397 1694 1422 1727 c
1448 1666 1632 1732 Coles
1674 1681 1933 1741 terram,
1971 1679 2035 1730 et
2065 1690 2190 1730 non
2226 1670 2445 1743 addet,
2477 1680 2550 1733 ut
2583 1663 2686 1730 tibi

649 1803 676 1837 ι
695 1777 972 1863 praebeat
991 1773 1231 1836 fructus
1260 1769 1442 1833 suos⁸
1468 1792 1484 1832 :
1515 1797 1540 1827 ι
1559 1782 1896 1833 creverunt
1922 1782 1985 1832 et
2014 1783 2244 1833 exortae
2258 1783 2407 1835 sunt
2435 1757 2500 1835 in
2530 1785 2691 1836 terra

648 1876 854 1942 cordis
890 1875 1030 1960 ejus
1069 1871 1262 1958 spinae
1293 1884 1358 1934 et
1387 1872 1620 1934 tribuli.
1656 1871 2075 1936 Abstulerunt
2103 1872 2239 1957 ejus
2271 1875 2541 1959 gloriam
2570 1876 2683 1939 ini·

625 1979 792 2045 -mici
827 1979 971 2041 dolo
1003 1988 1067 2039 et
1103 1974 1382 2048 technis,
1419 1987 1484 2038 et
1525 1973 1867 2040 induerunt
1898 1999 2044 2039 eum
2079 1978 2339 2064 pudore.
2380 1977 2694 2044 Ablatum

643 2096 739 2148 est
770 2084 987 2146 lumen
1016 2078 1178 2164 ejuS,
1213 2091 1279 2143 et
1309 2079 1567 2144 indutus
1594 2092 1691 2143 est
1722 2080 1998 2145 tenebris
2023 2104 2037 2145 ε
2076 2081 2543 2148 interfecerunt
2570 2083 2689 2148 ani-

645 2208 816 2252 mam
847 2183 1012 2271 ejus,
1048 2183 1361 2271 dissipatis
1391 2206 1462 2248 ac
1493 2183 1703 2248 divisis
1734 2185 2224 2273 cogitationibus
2256 2186 2425 2270 ejus,-
2462 2201 2529 2252 ct
2559 2188 2678 2252 dis-

646 2304 1023 2358 traxerunte
1040 2289 1295 2355 sublimi
1314 2301 1593 2352 mentem
1617 2288 1673 2375 ej
1685 2312 1789 2361 us:
1820 2289 2151 2377 factusque
2170 2303 2266 2355 est
2284 2292 2482 2357 Israe'l
2508 2294 2684 2357 homo

645 2420 861 2465 servus
897 2397 1029 2463 veri
1060 2394 1422 2461 Pharaonis.
1460 2395 1539 2459 Et
1571 2393 1990 2482 praefecerunt
2013 2396 2346 2485 priesectos
2375 2411 2443 2464 et
2476 2399 2685 2464 stimu-

647 2505 879 2570 latores
892 2502 1123 2591 operis,
1150 2501 1404 2588 spiritus
1431 2500 1709 2574 malitiae,
1732 2514 2028 2588 cogentes
2051 2525 2226 2579 enm,
2258 2503 2410 2568 velit
2441 2505 2686 2575 nolitve,

647 2610 1046 2675 committere
1084 2629 1273 2692 prava
1316 2628 1426 2670 sua
1473 2629 1705 2692 opera,
1756 2618 1819 2670 et
1862 2607 2410 2673 constructionem
2465 2610 2576 2675 luti
2621 2628 2689 2672 ac

647 2709 859 2777 lateris
886 2709 1228 2793 complere.
1265 2708 1390 2785 Qui
1416 2707 1608 2771 etiam
1633 2724 1921 2776 arcentes
1944 2735 2092 2776 eum
2118 2735 2150 2776 a
2182 2714 2428 2778 coelesti
2460 2713 2690 2802 sapien·

651 2814 766 2888 tia,
798 2812 1197 2901 abduxerunt
1228 2813 1307 2874 ad
1341 2832 1580 2884 crassa,
1616 2824 1862 2879 terrena
1895 2839 1968 2881 ac
2008 2819 2218 2881 lutosa
2254 2842 2446 2906 opera
2477 2839 2684 2905 prava,

654 2922 734 2985 ad
756 2937 1101 2985 sormones.
1130 2913 1211 2978 ad
1234 2915 1674 2982 meditationes
1697 2931 1758 2982 ct
1786 2920 1861 2985 ad
1889 2922 2301 3008 cogitationes
2329 2944 2530 2986 vanas.
2570 2918 2683 2984 Ubi

655 3023 826 3088 enim
870 3020 1104 3085 excidit
1142 3040 1179 3084 e
1211 3043 1319 3085 sua
1356 3022 1740 3088 sublimitate
1773 3026 2005 3102 anima,
2050 3028 2265 3093 incidit
2305 3028 2368 3090 in
2417 3044 2680 3113 regnum

654 3127 899 3197 homini
945 3125 1279 3202 infestum,
1317 3138 1381 3197 et
1413 3126 1475 3190 in
1511 3129 1823 3217 principes
1856 3136 2180 3209 crudeles,
2235 3134 2688 3221 compellentes

653 3258 795 3302 eam
820 3244 1188 3301 construere
1215 3231 1360 3318 ipsis
1385 3232 1516 3296 vitii
1540 3237 1912 3322 peccatique
1936 3239 2246 3304 civitates·

746 3343 879 3408 Vll.
945 3340 1010 3407 Si
1056 3362 1206 3406 vero
1259 3339 1629 3426 ingemiscat
1674 3343 1879 3409 anima
1936 3359 2000 3411 et
2053 3349 2286 3411 clamet
2335 3346 2415 3412 ad
2459 3346 2700 3415 Deum,-

652 3446 884 3512 emittit
920 3445 979 3507 ei
1022 3444 1410 3531 spiritualem
1443 3444 1679 3511 Mosem
1701 3495 1718 3522 ,
1766 3450 1877 3536 qui
1907 3450 2134 3516 liberet
2161 3473 2302 3517 cam
2336 3474 2370 3515 a
2394 3448 2686 3514 servitute

653 3549 1093 3637 AEgyptiorum
1127 3570 1144 3611 :
1185 3570 1405 3613 verum
1454 3552 1688 3618 clamat
1717 3605 1732 3628 ,
1793 3567 1857 3619 et
1894 3557 2159 3644 suspiria
2194 3557 2397 3630 ducit,
2439 3565 2502 3619 et
2551 3565 2684 3617 tum

652 3652 1104 3742 redemptionis
1136 3652 1383 3719 initium
1414 3657 1843 3744 consequitur.
1882 3662 2030 3747 ipso
2063 3683 2318 3749 quoque
2346 3680 2562 3726 mense
2589 3679 2689 3727 te·-

605 3762 615 3776 '
650 3761 931 3828 centium
957 3757 1189 3824 florum
1220 3759 1547 3834 liberatur,
1578 3776 1861 3850 tempore
1886 3767 2189 3833 nimirum
2215 3766 2405 3839 veris,
2432 3763 2684 3851 quando

651 3880 817 3959 terra
864 3864 1086 3930 animae
1131 3866 1420 3931 emittere
1465 3879 1675 3954 potest
1719 3871 2022 3956 pulchros
2067 3886 2131 3938 et
2179 3871 2443 3936 floridos
2477 3886 2678 3934 ramos

726 4016 743 4043 ι
775 4001 931 4056 Exod,
956 4017 1048 4062 ιιι,
1071 4000 1157 4059 4».
1181 4026 1243 4042 -
1282 4014 1304 4039 ·
1336 4000 1470 4051 Gen.
1509 4017 1586 4057 m.
1617 4018 1695 4069 ¹7·
1733 4030 1793 4043 —
1820 4005 2002 4057 ⁸1bid.
