2982 4885
508 561 529 571 ”⁵
582 553 660 649 ξιι
1251 576 1297 624 s.
1356 576 1621 625 ulman
1665 571 1935 626 merent

572 700 798 773 vidisse
838 719 855 764 ε
910 709 978 765 et
1017 697 1450 786 uuusqu‘sque
1497 699 1666 786 apud
1711 722 1780 764 se
1825 697 2027 765 dicit:
2091 726 2119 759 ι
2165 698 2418 767 Utinam
2467 698 2611 790 quis

575 791 773 871 'nmibi
797 806 965 870 illam
996 806 1286 893 gloriam,
1316 804 1616 868 decorem
1650 825 1724 868 ac
1754 807 2159 893 splendorem
2190 809 2500 875 concedat
2528 811 2594 875 l»

574 898 923 1000 praedicans
954 933 1100 975 eum
1139 910 1398 975 beatum
1422 957 1439 980 .
1479 908 1749 974 similem
1798 910 2030 997 alioqui
2066 910 2200 984 sui.
2245 924 2604 990 terrenum.

578 1017 926 1103 iisdemque
951 1016 1393 1082 affectionibus
1412 1014 1754 1080 obnoxium
1775 1028 1963 1103 atque
1979 1019 2335 1093 mortalem,
2354 1032 2610 1111 propter
2677 1094 2682 1101 .

569 1134 1086 1190 momentaneum
1120 1143 1268 1186 vero
1305 1132 1602 1185 ornatum
1636 1133 1703 1185 et
1729 1121 1994 1207 gloriam
2024 1122 2526 1189 desiderabilem.

664 1225 708 1289 V
721 1226 762 1291 1.
817 1226 881 1292 Si
908 1227 1121 1315 igitur,
1150 1227 1432 1314 inquam,
1460 1226 1745 1291 carnales
1769 1226 2057 1292 homiues
2082 1227 2438 1294 desiderant
2467 1240 2607 1294 tan·

569 1338 788 1421 tepere
821 1331 1086 1421 gloriam
1133 1330 1372 1397 terreni
1414 1330 1579 1419 regis
1603 1380 1620 1404 ,
1672 1344 1909 1416 quanto
1945 1330 2141 1417 magis
2179 1331 2243 1396 hi
2275 1381 2293 1406 ,
2341 1334 2402 1397 iu
2448 1355 2606 1419 quos

570 1436 889 1504 instillavit
917 1448 1091 1526 gutta
1131 1436 1402 1526 Spiritus
1433 1436 1610 1509 vitae,
1645 1433 1752 1522 qui
1797 1446 1892 1498 est
1932 1434 2324 1510 Disinitatis3
2347 1448 2413 1501 et
2443 1459 2610 1522 quo-

568 1564 711 1607 rum
747 1543 1094 1609 vulneravit
1125 1565 1343 1608 amore
1373 1542 1587 1606 divino
1619 1564 1766 1630 erga
1799 1541 2120 1607 coelestcm
2153 1562 2365 1630 regem
2399 1539 2611 1607 Chris-

567 1659 743 1724 tum,
788 1648 1063 1716 devincti
1095 1660 1245 1739 sunt
1280 1648 1759 1735 pulchritudine
1791 1648 1895 1711 illa
1937 1659 2002 1712 et
2031 1647 2230 1733 gloria
2266 1644 2606 1719 ineffabili,

567 1762 634 1815 et
677 1753 907 1825 decore
960 1746 1426 1832 incorruptibili
1472 1760 1540 1810 et
1586 1746 2339 1830 incomprehensibilibus
2376 1746 2610 1810 divitiis

569 1852 700 1918 veri
732 1862 798 1915 et
831 1849 1050 1915 aeterni
1086 1847 1251 1936 regis
1292 1845 1562 1920 Christi,
1601 1846 1785 1931 cujus
1819 1858 1965 1910 voto
1996 1858 2063 1909 et
2096 1845 2609 1936 desiderioeapti

572 1969 872 2024 tenentur
892 2002 910 2031 ‚
943 1953 1061 2018 toti
1088 1950 1353 2018 omnino
1388 1949 1467 2015 ad
1490 1971 1642 2019 eum
1671 1949 1997 2026 conversi,
2027 1962 2214 2037 atque
2250 1948 2612 2028 desiderant

574 2059 874 2146 consequi
899 2056 1339 2123 inenarrabilia
1365 2054 1470 2123 illa
1488 2057 1678 2135 bona,
1711 2078 1849 2143 quae
1876 2079 1993 2145 per
2021 2055 2328 2144 Spiritum
2364 2055 2640 2124 intuen·'

486 2248 489 2249 7
576 2186 680 2232 tur
701 2191 718 2239 ;
739 2186 1012 2251 quorum
1035 2162 1233 2252 gratia
1259 2162 1499 2237 omnia,
1519 2185 1661 2249 quae
1683 2175 1831 2227 sunt
1850 2175 2288 2251 superterram
2315 2163 2605 2252 pulchra,

575 2270 639 2340 et
663 2283 993 2353 ornatum,
1025 2281 1091 2335 et
1116 2268 1419 2359 gloriam,
1454 2268 1888 2359 etlhonorem,
1914 2281 1979 2334 et
2017 2259 2503 2358 divitias-regum
2535 2293 2606 2338 ac

574 2378 935 2469 principum
966 2375 1145 2442 nihili
1178 2376 1451 2464 ducunt..
1481 2372 1705 2438 Divina
1749 2373 1919 2437 enim
1953 2372 2431 2462 pulchritudine
2462 2399 2610 2444 sau-

568 2483 725 2562 ciati
758 2494 928 2557 sunt,
958 2494 1021 2547 et
1044 2482 1168 2547 vita
1200 2478 1691 2546 immortalitatis
1713 2478 1985 2543 coelestis
2018 2480 2082 2545 in
2107 2479 2362 2547 illorum
2387 2482 2610 2549 animis

577 2588 916 2656 instillavit.
984 2586 1304 2676 Quocirca
1381 2585 1555 2650 illam
1630 2583 2037 2648 dilectionem
2108 2588 2379 2651 coelestis
2446 2589 2608 2677 regis

576 2701 910 2782 exoptant,
943 2689 1248 2775 illumque
1281 2688 1485 2751 solum
1513 2685 1593 2749 ob
1630 2688 1850 2752 oculos
1875 2687 1938 2752 in
1965 2689 2259 2756 omnibus
2285 2692 2610 2762 desideriis

580 2796 912 2870 habenteS,
930 2815 998 2857 se
1019 2793 1185 2882 ipsos
1207 2791 1379 2858 omni
1411 2791 1732 2855 mundana
1765 2792 2106 2862 dilectione
2130 2819 2246 2884 per
2271 2817 2421 2864 eum
2443 2801 2611 2866 exol-

579 2912 773 2975 vunt,
825 2911 892 2965 et
934 2898 1246 2963 recedunt
1291 2894 1371 2960 ab
1402 2894 1580 2996 omni
1626 2895 1880 2963 vinculo
1924 2911 2213 2979 terreno,
2260 2916 2332 2970 ut
2369 2905 2610 2993 possint

575 3005 737 3073 illud
767 3001 1149 3069 desiderium
1166 3001 1370 3065 solum
1394 3022 1645 3094 semper
1672 2999 1736 3066 in
1770 3004 2072 3094 cordibus
2102 3006 2231 3072 suis
2262 3010 2602 3131 possidere.

577 3112 700 3186 Et,
732 3105 882 3198 quid
914 3091 1236 3198 possidere
1267 3120 1594 3196 oporteat,
1629 3109 1836 3175 dicit:-
1866 3136 1891 3171 α
1916 3112 2166 3178 Scimus
2196 3116 2406 3193 enim,
2441 3117 2611 3204 quod

580 3245 605 3275 ι
626 3215 676 3278 si
718 3227 1041 3280 terrenum
1073 3223 1363 3277 nostrum
1387 3211 1780 3280 domicilium
1819 3215 2026 3302 hujus
2050 3216 2441 3286 tabernaculi
2465 3224 2610 3289 des-

581 3315 607 3380 ἰ
625 3330 908 3383 tructnm
934 3316 1155 3391 fuerit,
1189 3314 1670 3412 aedificationem
1696 3340 1772 3384 ex
1793 3318 1928 3385 Deo
1961 3319 2306 3400 hahemus,
2343 3323 2610 3392 domici-

581 3422 777 3490 »lium
815 3447 945 3492 non
977 3413 1409 3500 manufactum
1442 3472 1458 3496 ,
1490 3433 1801 3490 <eternum
1841 3425 1905 3489 in
1941 3426 2118 3491 eoelis
2147 3426 2193 3491 ¹.
2234 3456 2259 3488 ι
2523 3489 2533 3498 ,

574 3519 581 3522 ’
668 3527 800 3595 VII.
855 3527 1384 3612 contendendum
1406 3528 1595 3616 igitur
1616 3529 2135 3598 atflaborandum
2169 3535 2467 3604 omnibus
2493 3557 2612 3622 per

578 3656 801 3718 omnes
823 3632 1108 3708 virtutes,
1138 3645 1324 3721 atque
1356 3634 1775 3709 credendum,
1817 3647 1889 3700 ut
1920 3636 2220 3726 deinceps
2249 3639 2610 3727 possideant

578 3738 749 3806 illam
776 3739 1058 3804 domum.
1090 3735 1155 3801 Si
1178 3736 1346 3803 enim
1377 3739 1656 3805 solvatur
1674 3741 1898 3805 domus
1914 3744 2199 3831 corporis
2227 3742 2452 3814 nostri,·
2476 3764 2612 3808 nou

577 3843 883 3916 habemur
898 3842 1080 3907 aliam
1096 3843 1381 3920 domum,
1403 3844 1686 3930 adquam
1708 3843 2218 3914 divertatanima.
2244 3875 2269 3908 ι
2285 3847 2353 3914 Si
2368 3860 2604 3920 tamen,

577 3975 605 4009 ι
624 3947 855 4037 inquit,
890 3946 1130 4023 induti,
1162 3971 1295 4015 non
1326 3947 1482 4016 nudi
1515 3948 1907 4037 reperiemur
1929 3950 1981 4027 ¹,
2005 3979 2032 4016 n
2069 3950 2193 4022 hoc
2219 3966 2351 4031 est,
2382 3951 2542 4019 nudi
2571 3974 2609 4018 a

548 4062 556 4069 ’
637 4092 663 4134 .·
692 4082 862 4135 aeos.
889 4097 935 4143 v,
963 4098 1008 4134 ι.
1034 4109 1093 4125 -
1122 4095 1142 4119 ·
1169 4081 1299 4137 ihm.
1329 4083 1378 4161 5,

834 4261 867 4282 ..Ι
