2982 4885
1184 535 1438 587 nomm
1484 532 1539 584 ι..
2245 515 2373 585 8οὸ

349 667 634 747 »quanto
669 655 867 745 magis
897 656 1084 723 Pater
1123 670 1334 723 vester
1383 655 1665 723 coelestis
1700 655 1882 722 dabit
1923 652 2231 745 Spiritum
2269 679 2387 746 pe·

348 794 373 826 1·
394 764 676 829 tentibus
698 784 845 827 eum
864 785 1012 828 cum
1023 764 1256 829 virtute
1273 775 1338 829 et
1352 782 1611 827 summa
1632 758 2233 838 fideicertitudine¹,
2247 790 2273 823 ι
2291 784 2395 828 se·-

350 873 639 937 cundum
671 869 1060 957 Apostolum.
1119 868 1438 933 Caeterum
1490 867 1607 932 ista
1635 867 1849 944 ‚modo
1869 916 1887 942 ,
1929 878 2249 956 tempore,
2297 868 2396 933 la-

347 975 503 1048 bore
535 996 812 1049 summo,
840 975 1139 1063 patientia
1173 987 1359 1062 atque
1378 971 1726 1039 dilectione
1748 969 1806 1057 ej
1816 992 1889 1036 us
1912 984 2383 1059 comparantur,

348 1083 503 1146 dum
538 1092 911 1148 exercentur
948 1103 1180 1170 organa
1219 1080 1446 1145 animae
1476 1076 1798 1151 sensitiva,
1824 1088 1898 1141 ut
1914 1074 2155 1141 dictum
2177 1091 2389 1155 est,.et

348 1187 520 1250 bono
551 1199 616 1250 et
646 1187 840 1261 malo;
874 1185 1168 1251 videlicet
1193 1183 1542 1258 machinis,
1592 1180 1834 1247 insidiis
1863 1228 1881 1256 ,
1922 1193 1987 1246 et
2017 1181 2388 1271 multiplici-

352 1292 473 1356 bus
521 1291 1039 1367 circumstantiis,
1083 1303 1270 1382 atque
1312 1286 1796 1377 deceptionibus
1837 1287 2132 1362 malitiae,
2174 1287 2395 1353 itidem

351 1417 606 1483 quoque
642 1396 902 1460 diversis
933 1397 1145 1483 gratiae
1190 1395 1395 1470 donis,
1425 1393 1617 1460 variis
1661 1392 1902 1457 auxiliis
1924 1442 1941 1468 ,
1978 1414 2014 1457 a
2057 1393 2291 1465 virtute
2329 1405 2396 1458 et

354 1500 645 1564 efficacia
678 1499 950 1587 Spiritus
991 1499 1306 1588 prosectis.
1337 1499 1466 1579 Qui
1500 1498 1671 1563 enim
1702 1497 2032 1586 cognoscit
2068 1496 2395 1561 cicatrices

354 1602 640 1678 malitiae,
696 1601 1135 1668 affectionibus
1170 1603 1570 1691 inquinantes
1610 1602 1977 1667 interiorem
2029 1599 2393 1677 hominem,

355 1720 421 1773 et
460 1729 590 1772 non
635 1707 934 1796 perspicit
984 1708 1048 1772 in
1097 1733 1162 1773 se
1206 1709 1507 1774 auxilium
1549 1708 1748 1774 sancti
1793 1706 2064 1796 Spiritus
2094 1706 2393 1786 veritatis,

354 1813 886 1879 corroborantem
921 1811 1358 1878 infirmitatem
1386 1833 1563 1877 suam
1594 1822 1780 1899 atque
1812 1820 2224 1877 renovantem
2259 1812 2399 1878 ani·

354 1941 527 1984 mam
558 1918 623 1982 in
649 1919 1038 1984 exultatione
1092 1919 1333 1993 cordis»,
1370 1917 1684 2005 ejusmodi
1721 1916 1830 2005 qui
1854 1927 1973 1990 est,
2002 1911 2135 1981 sine
2158 1915 2400 1984 discre-

355 2026 527 2091 tione
568 2025 883 2114 graditur,
917 2049 1044 2091 non
1075 2025 1461 2116 perspiciens
1501 2023 1956 2091 multiformem
1984 2021 2399 2113 dispensatio-

354 2154 507 2197 nem
532 2132 753 2220 gratiae
787 2133 1086 2220 pacisque
1117 2132 1358 2197 divinoe.
1400 2131 1480 2196 Et
1510 2154 1546 2196 e
1576 2130 1848 2204 diverso,
1873 2129 1980 2217 qui
1998 2127 2333 2217 adjuvatur
2361 2153 2398 2195 a

364 2238 665 2310 Domino,
692 2250 756 2301 et
787 2236 984 2300 affluit
1013 2238 1223 2301 laetitia
1256 2228 1588 2324 spirituali,
1621 2258 1695 2301 ac
1729 2237 1908 2301 donis
1932 2237 2317 2313 coelestibus,
2341 2237 2394 2303 si

373 2338 693 2403 existimet
722 2361 787 2401 se
810 2360 937 2402 non
966 2341 1233 2425 amplius
1257 2340 1603 2403 obnoxium
1622 2355 1908 2425 peccato,
1943 2338 2256 2425 decipitur
2288 2359 2396 2404 oc·

362 2445 559 2516 culte,
583 2441 814 2528 quippe
837 2441 947 2527 qui
977 2463 1103 2505 non
1127 2441 1358 2507 habeat
1374 2442 1741 2506 facultatem
1772 2441 2172 2507 discernendi
2203 2441 2396 2508 subti-

365 2550 612 2615 litatem
635 2545 918 2621 malitiae,
952 2568 1070 2611 nec
1102 2546 1407 2634 intelligat
1429 2545 1734 2636 paulatim
1760 2543 1899 2610 fieri
1931 2544 2396 2637 incrementum

366 2652 676 2743 pueritiae,
705 2663 892 2738 atque
921 2652 1416 2740 perfectionem‘
1399 2676 1460 2718 m
1489 2651 1786 2717 Christo·
1815 2651 2397 2719 subministratione

380 2781 535 2848 ergo
582 2769 647 2823 et
687 2757 1100 2825 instructione
1124 2757 1391 2849 Spiritus
1421 2759 1625 2825 sancti
1645 2770 1710 2824 et
1740 2757 1932 2823 divini
1968 2756 2396 2847 glorificamus

361 2866 647 2941 Patrem,
672 2876 737 2930 et
756 2864 1013 2943 Filium,
1043 2878 1108 2932 et
1127 2865 1431 2957 Spiritum
1446 2876 1761 2943 sanctum,
1788 2863 1854 2933 in
1884 2865 2130 2933 sazema.
2158 2865 2389 2936 Amen.

433 3002 667 3058 ¹..untth
689 3018 789 3067 vn,
812 3001 845 3053 8
867 3011 916 3056 et
945 3019 1022 3056 ιι.

604 4159 815 4218 xlma.
2109 4174 2192 4223 Ὀ
