2982 4885
1054 517 1143 560 na·
1185 513 1490 561 cusa-oms
1541 517 1775 564 comus.
2312 506 2444 593 309

280 659 287 666 ’
403 631 912 725 dispositionem,
940 630 1140 720 ipsam
1183 633 1672 722 cogitationem,
1704 637 1904 726 ipsam
1934 641 2188 707 amandi
2211 654 2404 731 poten
2425 682 2443 693 ·

403 742 591 816 tiam,
635 751 934 825 tanquam
967 737 1276 827 primitias
1307 739 1502 805 totius
1533 740 1731 805 nostri
1773 741 2083 820 hominis,
2124 745 2260 813 Deo
2294 760 2442 812 auto

404 847 615 914 omnia
659 846 893 911 debere
929 866 1042 908 nos
1087 843 1312 909 afferre
1337 895 1353 920 ,
1390 856 1455 910 et
1493 847 1664 910 velut
1706 868 1951 912 sacram
1999 851 2207 916 c'ordis
2240 852 2442 916 nostri

407 953 632 1020 offerre
662 950 1010 1024 victimam,
1030 949 1353 1038 ‘primitias
1394 962 1460 1015 et
1489 950 1886 1018 summitates
1918 954 2229 1021 bonarum
2265 957 2444 1046 cogi-

408 1058 750 1132 tationum,
800 1055 864 1119 in
895 1055 1193 1120 eamdem
1236 1053 1354 1120 Dei
1396 1055 1773 1120 memoriam
1821 1069 1887 1122 et
1924 1059 2439 1137 meditationem,

408 1165 581 1230 omni
612 1164 729 1228 alia
761 1162 1182 1250 occupatione
1205 1161 1504 1248 seposita,
1527 1161 1825 1226 vacantis.
1866 1162 1949 1228 Et
1987 1163 2074 1229 sic
2108 1189 2442 1254 possumus

407 1267 688 1357 qnotidie
734 1279 1144 1356 augmentum
1206 1279 1270 1331 et
1320 1265 1682 1354 profectum
1748 1267 2073 1357 accipere,
2133 1270 2334 1360 adjuti
2411 1294 2447 1337 a

410 1373 619 1439 divina
672 1372 906 1460 gratia;
955 1383 1021 1436 et
1072 1393 1233 1437 onus
1273 1365 1533 1457 justitiae
1578 1373 2028 1440 mandatorum
2082 1377 2220 1441 leve
2263 1375 2448 1441 nobis

412 1477 737 1565 apparebit
762 1497 922 1563 pure
951 1487 1015 1540 et
1039 1474 1680 1562 irreprehensibiliter
1712 1498 1788 1542 ea
1824 1476 2260 1565 implentibus,
2295 1500 2451 1543 coo-

410 1590 673 1667 perante
713 1579 793 1642 ad
830 1576 954 1642 hoc
991 1578 1180 1643 nobis
1216 1579 1353 1666 ipso
1385 1579 1660 1644 Domino
1691 1603 1806 1668 per
1829 1592 2114 1646 nostram
2140 1581 2207 1647 in
2241 1581 2451 1669 ipsum

412 1680 624 1748 fidem.
662 1683 759 1747 De
790 1694 1130 1771 apparente
1159 1705 1309 1748 vero
1343 1683 1803 1750 exercitatione
1822 1734 1841 1761 ,
1884 1696 1949 1750 et
1979 1686 2300 1774 quodnam
2330 1684 2453 1749 bo-

413 1813 568 1855 num
587 1789 864 1854 studium
888 1789 1093 1875 majus
1110 1789 1276 1854 inter
1298 1789 1509 1853 omnia
1530 1801 1595 1854 et
1610 1789 1887 1877 primum
1903 1790 2008 1865 sit,
2030 1790 2186 1855 illud
2197 1789 2449 1866 scitote,

412 1892 821 1967 dilectissimi,
858 1892 1099 1958 haerere
1123 1893 1565 1979 committique
1598 1892 1869 1958 invicem
1901 1891 2163 1959 virtutes
2194 1915 2450 1969 omnes,

410 2011 473 2066 et
518 2022 685 2065 nexu
728 1999 1007 2089 pendere
1052 2011 1276 2064 mutuo
1332 1998 1657 2065 devinctas
1696 2020 1891 2063 unam
1948 1999 2024 2063 ab
2081 1999 2302 2074 altera,
2359 1997 2454 2064 sic

411 2104 865 2170 constituentes
879 2125 1131 2169 sacram
1154 2104 1502 2191 quamdam
1526 2115 1591 2168 et
1617 2103 2008 2193 spiritualem
2033 2114 2349 2178 catenam,
2385 2101 2454 2168 in

414 2232 534 2296 qua
584 2209 785 2273 oratio
839 2209 1156 2283 charitati,
1197 2208 1470 2272 charitas
1515 2208 1780 2296 gaudio,
1817 2208 2119 2295 gandium
2165 2229 2456 2273 mansue-

418 2311 621 2376 tudini
651 2357 668 2382 ,
702 2313 1124 2375 mansuetudo
1179 2310 1557 2384 humilitati,
1609 2311 1932 2374 humilitas
1977 2309 2451 2385 ministrationi,

417 2412 794 2481 ministratio
847 2412 1021 2500 spei,
1055 2433 1199 2499 spes
1230 2410 1416 2485 fidei,
1462 2410 1620 2475 fides
1656 2411 2054 2486 obedientiae,
2091 2410 2456 2479 obedientia

421 2504 834 2606 simplicitati,
855 2516 1195 2601 subjuncta
1211 2515 1572 2603 insertaque
1593 2515 2018 2580 connectitur.
2045 2513 2223 2580 Sicut
2248 2539 2285 2581 e
2308 2538 2458 2582 con-

421 2624 616 2691 trario
662 2621 810 2687 vitia
854 2643 1109 2708 quoque
1140 2620 1303 2685 inter
1337 2643 1472 2686 sese
1509 2620 1904 2710 junguntur,
1941 2633 2006 2686 et
2028 2643 2106 2687 ex
2129 2643 2259 2686 uno
2285 2621 2461 2689 aliud

425 2727 771 2820 germinat;
802 2739 957 2816 puta
996 2724 1215 2790 odium
1256 2726 1335 2791 ab
1367 2726 1456 2791 ira
1478 2776 1496 2802 ,
1536 2726 1626 2792 ira
1666 2749 1699 2792 a
1734 2726 2063 2815 superbia,
2091 2726 2387 2815 superbia
2423 2750 2461 2793 a

423 2858 580 2902 vana
613 2832 1007 2924 gloriatione,
1038 2854 1193 2897 vana
1224 2831 1513 2920 gloriatio
1536 2830 1615 2899 ab
1634 2831 2032 2908 infidelitate,
2054 2831 2392 2899 infidelitas
2422 2856 2460 2899 a

358 2928 363 2933 ’
425 2941 656 3008 duritie
686 2938 916 3014 cordis,
959 2938 1220 3003 durities
1260 2938 1468 3003 cordis
1496 2960 1525 3002 a
1559 2938 1936 3027 negligentia
1959 2988 1977 3013 ,
1999 2932 2394 3028 'negligentia
2423 2960 2460 3004 a

422 3051 751 3136 languore,
797 3047 1063 3134 languor
1110 3066 1142 3108 a
1190 3042 1622 3133 despicientia,
1666 3045 2070 3132 despicientia
2112 3067 2145 3109 a
2179 3043 2454 3133 pigritia,

424 3151 671 3242 pigritia
723 3173 757 3215 a
800 3148 1349 3238 pusillanimitate,
1389 3148 1868 3237 pusillanimitas
1921 3150 1999 3215 ab
2070 3169 2287 3215 amore
2335 3168 2459 3214 vo-

426 3258 709 3348 luptatis,
750 3269 814 3322 et
863 3256 954 3322 sic
1003 3256 1121 3322 alia
1167 3254 1453 3321 membra
1512 3255 1767 3322 malitiae
1812 3276 2115 3345 suspensa
2177 3274 2463 3340 nexaque

429 3363 769 3429 trahuntur
818 3361 1110 3426 invicem.
1161 3359 1307 3425 Pari
1347 3361 1641 3448 exemplo
1675 3374 1867 3448 atque
1909 3360 1974 3423 in
2012 3366 2192 3445 parte
2219 3354 2468 3420 meliori

429 3467 693 3533 virtutes
723 3480 803 3529 ex
833 3487 899 3528 se
930 3474 1156 3526 mutuo
1188 3461 1490 3546 pendent.
1531 3463 1738 3551 Caput
1791 3483 1937 3528 vero
1966 3460 2216 3526 virtutis
2262 3459 2470 3526 omnis

434 3584 497 3637 et
541 3591 874 3660 supremus
921 3577 1140 3629 vertex
1190 3584 1456 3649 operum
1501 3566 1917 3632 laudabilium
1947 3576 2046 3631 est
2077 3575 2372 3630 constans
2405 3564 2474 3628 in

438 3675 725 3739 oratione
762 3665 1253 3760 perseverantia,
1289 3689 1404 3755 per
1427 3689 1619 3755 quam
1649 3671 1922 3758 reliquas
1938 3691 2192 3757 qnoque
2209 3667 2471 3734 virtutes

442 3798 476 3841 a
499 3776 633 3842 Deo
665 3775 965 3841 continua
996 3773 1302 3863 petitione
1326 3773 1692 3862 impetratas
1726 3773 1987 3865 adipisci
2010 3770 2294 3863 quotidie
2323 3795 2475 3862 pos-

440 3903 679 3948 snmus.

533 3987 648 4060 IX.
680 3983 812 4060 Nisi
844 3983 1165 4059 humilitas
1205 3998 1269 4061 et
1303 3985 1707 4081 simplicitas,
1737 3999 1803 4057 et
1832 3986 2189 4079 benignitas
2217 3982 2484 4056 e‘xornet
