2982 4885
699 499 829 571 386
1370 512 1418 559 s.
1474 469 1744 558 nemi
1783 505 2053 557 marm-11
2201 545 2266 606 ο

699 646 1273 727 temperamentum
1291 678 1308 705 ,
1355 641 1421 694 et
1449 629 1515 694 in
1545 651 1748 693 unum
1777 627 2167 693 intellectum
2195 624 2473 692 evadunt
2522 627 2728 695 anima

696 756 763 809 et
789 739 1095 808 Dominus
1124 760 1139 801 ε
1176 747 1363 822 atque
1387 755 1618 822 corpus
1642 732 1861 819 ejusin
1895 744 2128 797 terram
2160 730 2518 821 projicitur,
2550 757 2727 800 mens

696 870 845 915 vero
877 858 1011 911 tota
1032 845 1218 932 plane
1251 839 1316 904 in
1349 839 1588 905 coelesti
1620 838 1974 904 Jerusalem
2003 852 2321 915 versatur,
2365 841 2446 904 ad
2471 843 2731 908 tertium

697 954 934 1046 eoelum
972 968 1175 1037 usque
1214 946 1598 1021 ascendens,
1641 957 1829 1034 atque
1875 942 2215 1033 conjuncta
2243 943 2510 1011 Domino
2531 994 2550 1020 ,
2603 945 2731 1012 illic

695 1058 1011 1126 ministrat
1041 1054 1119 1120 ei.

787 1161 890 1228 IV.
946 1160 1087 1250 Ipse
1127 1179 1277 1223 vero
1327 1155 1390 1222 in
1446 1156 1682 1221 throno
1717 1155 2210 1247 magnificentiae
2246 1156 2311 1221 in
2345 1158 2605 1223 excelsis
2635 1180 2738 1222 se-

703 1265 859 1332 dens
878 1315 897 1342 ,
938 1265 1003 1329 in
1026 1263 1267 1329 coelesti
1291 1260 1545 1327 civitate
1565 1309 1582 1336 ‚
1611 1261 1863 1350 penitus
1887 1284 2036 1326 cum
2067 1261 2176 1327 illa
2206 1262 2273 1327 in
2301 1285 2566 1353 corpore
2597 1264 2738 1349 ejus

701 1384 799 1437 est
831 1395 847 1435 ε
884 1368 1193 1460 siquidem
1216 1366 1352 1455 ejus
1386 1361 1726 1456 imaginem
1760 1367 2095 1431 collocavit
2117 1390 2376 1432 sursum
2407 1369 2468 1434 in
2496 1368 2739 1434 coelesti

705 1474 957 1541 civitate
1003 1486 1365 1540 sanctorum
1402 1471 1754 1540 Jerusalem
1790 1495 1805 1536 ε
1845 1471 2166 1561 propriam
2216 1496 2369 1538 vero
2404 1473 2740 1561 imaginem

704 1580 961 1647 luminis
1001 1579 1212 1646 arcani
1244 1590 1432 1665 atque
1470 1576 1826 1643 Divinitatis
1851 1600 1978 1641 suae
2010 1578 2345 1644 collocavit
2380 1579 2446 1643 iu
2479 1600 2741 1665 corpore

706 1683 845 1771 ejus
882 1705 898 1747 ε
934 1682 1067 1770 ipse
1116 1682 1431 1745 ministrat
1482 1680 1540 1743 ei
1584 1681 1646 1742 in
1678 1680 1929 1743 civitate
1984 1682 2271 1766 corporis
2307 1704 2325 1745 ε
2360 1683 2465 1748 illa
2506 1704 2653 1747 vero
2683 1681 2739 1745 ei

703 1785 1016 1850 ministrat
1059 1784 1123 1845 in
1174 1780 1411 1843 coelesti
1445 1780 1716 1842 civitate.
1756 1780 1904 1842 Haec
1939 1781 2107 1844 illius
2141 1783 2585 1852 haereditatem
2620 1786 2740 1850 adit

703 1888 769 1951 in
795 1889 956 1950 coelo
991 1907 1008 1947 ε
1046 1885 1149 1954 ille
1175 1902 1323 1944 vero
1348 1880 1553 1942 cernit
1577 1880 2176 1964 ejushaereditatem
2214 1885 2277 1947 in
2308 1897 2497 1951 terra.
2534 1890 2735 1954 Domi-

700 2011 820 2052 nus
852 1986 1023 2049 enim
1056 1983 1384 2048 haereditas
1417 1980 1490 2046 fit
1524 1983 1747 2047 animae
1775 2032 1793 2058 ,
1829 1995 1893 2048 et
1916 1986 2125 2051 anima
2151 1988 2487 2054 haereditas
2521 1990 2597 2057 fit
2616 1994 2735 2058 Do-

700 2090 877 2155 mini.
910 2087 976 2151 Si
1000 2088 1232 2152 etenim
1265 2099 1676 2175 peccatorum
1707 2088 1772 2152 in
1803 2089 2083 2155 tenebris
2118 2094 2442 2180 agentium
2468 2096 2731 2161 intellec·

700 2204 803 2257 tus
833 2205 899 2256 et
926 2214 1105 2255 mens
1129 2204 1257 2254 tam
1280 2192 1558 2278 procula
1582 2215 1849 2279 corpore
1882 2193 2104 2259 abesse
2135 2209 2368 2283 potest,
2397 2221 2472 2263 ac
2497 2200 2726 2287 longius

698 2297 1110 2388 peregrinati,
1161 2309 1348 2384 atque
1394 2298 1460 2362 in
1503 2297 1876 2363 remotiores
1919 2301 2210 2386 regiones
2257 2302 2572 2391 proficisci
2604 2327 2723 2369 mo·

702 2417 922 2471 mento
954 2402 1125 2470 horae
1147 2404 1337 2475 valet,
1362 2414 1427 2467 et
1453 2424 1886 2490 saepenumero
1909 2403 2132 2469 relicto
2156 2405 2220 2470 in
2244 2418 2415 2474 terra
2449 2431 2717 2497 corpore,

699 2532 882 2575 mens
913 2508 979 2574 in
1008 2508 1127 2572 alia
1160 2506 1419 2594 regione
1451 2529 1602 2571 cum
1634 2506 1865 2572 dilecto
1901 2510 2001 2573 vel
2033 2510 2236 2576 amica
2281 2535 2396 2577 sua
2437 2513 2632 2601 degit,
2667 2523 2723 2576 et

704 2614 830 2680 illic
862 2637 930 2678 se
960 2614 1179 2700 ipsum'
1199 2610 1376 2697 quasi
1407 2611 1602 2676 vitam
1643 2613 1871 2703 degere
1903 2614 2229 2702 conspicit.
2271 2615 2339 2681 Si
2372 2616 2558 2706 igitur
2582 2639 2724 2704 pec-

706 2716 935 2796 catoris
967 2716 1172 2780 anima
1209 2726 1306 2779 est
1343 2717 1501 2780 adeo
1542 2715 1788 2781 subtilis
1824 2730 1890 2782 et
1933 2706 2223 2797 volatilis,
2267 2735 2340 2786 ut
2383 2744 2562 2787 mens
2595 2721 2722 2810 ejus

704 2841 834 2887 non
891 2817 1307 2908 prohibeatur
1368 2840 1403 2881 a
1467 2822 1694 2905 procul
1749 2818 1979 2888 dissitis
2031 2824 2229 2899 locis;
2292 2829 2496 2892 multo
2537 2825 2724 2915 magis

680 2924 939 2998 anima,
995 2943 1029 2984 a
1075 2940 1200 3007 qua
1243 2919 1564 2987 sublatum
1600 2936 1695 2988 est
1742 2925 2032 2992 velamen
2066 2928 2467 2993 tenebrarum
2499 2932 2730 2995 virtute

703 3025 903 3093 sancti
934 3022 1238 3114 Spiritus,
1272 3039 1338 3091 et
1369 3024 1704 3094 illuminati
1733 3043 1881 3095 sunt
1914 3029 2359 3098 intellectuales
2387 3032 2529 3119 ejus
2560 3035 2731 3101 oculi

702 3130 943 3198 lumine
974 3128 1239 3203 eoelesti,
1281 3140 1346 3193 et
1369 3153 1509 3215 quae
1531 3131 1796 3198 liberata
1825 3147 1922 3199 est
1956 3136 2233 3225 perfecte
2271 3137 2351 3202 ab
2377 3136 2730 3203 afflictioni-

699 3237 820 3302 bus
852 3234 1193 3308 obscoenis,
1226 3244 1291 3297 et
1319 3234 1558 3298 munda
1597 3234 1911 3303 beneficio
1941 3241 2156 3329 gratiae
2188 3240 2468 3320 reddita,
2508 3256 2636 3308 tota
2665 3243 2728 3308 in

702 3338 943 3433 Spiritu
969 3341 1034 3407 in
1064 3338 1238 3404 coelis
1269 3336 1584 3404 ministrat
1612 3339 1912 3421 Domino,
1945 3359 2011 3411 et
2040 3359 2172 3412 tota
2205 3347 2273 3412 in
2305 3370 2571 3436 corpore
2597 3369 2728 3413 ser-

701 3450 793 3513 vit
822 3450 910 3513 illi
941 3472 956 3511 τ
994 3460 1059 3512 et
1080 3445 1144 3508 in
1177 3456 1425 3508 tantum
1447 3445 1806 3513 extenditur
1837 3450 2192 3528 intellectu,
2217 3465 2289 3517 ut
2320 3453 2449 3541 ipsa
2485 3453 2567 3517 sit
2587 3452 2730 3517 uhi-

700 3552 816 3627 vis,
842 3565 907 3617 et
930 3546 1040 3614 ubi
1064 3561 1129 3613 et
1148 3549 1400 3636 quando
1428 3551 1707 3630 libuerit,
1748 3554 2000 3622 Christo
2024 3558 2351 3623 ministret.

781 3655 857 3722 V.
909 3654 1044 3720 Hoc
1100 3653 1253 3719 dicit
1309 3652 1647 3743 Apostolus
1692 3681 1709 3721 ε
1756 3684 1782 3717 α
1815 3660 1895 3723 Ut
1949 3663 2208 3727 valeatis
2272 3658 2521 3748 assequi
2581 3648 2726 3725 cum

682 3792 724 3827 ,ιο
744 3760 1037 3826 omnihus
1068 3758 1300 3824 sanctis
1327 3809 1345 3835 ,
1379 3783 1519 3846 quae
1555 3761 1632 3827 sit
1660 3762 1952 3841 latitudo,
1987 3779 2052 3831 et
2081 3765 2449 3854 longitudo,
2492 3776 2556 3829 et
2576 3751 2726 3853 pro-

695 3864 1038 3938 »sunditas,
1092 3875 1157 3928 et
1204 3862 1581 3941 sublimitas,
1652 3888 2167 3957 cognoscereque
2212 3868 2727 3958 praeeminentem

698 4001 723 4039 ι
744 3969 1116 4061 cognitionis
1140 3966 1546 4038 dilectionem
1579 3968 1836 4048 Christi,
1869 3986 1943 4040 ut
1964 3972 2358 4064 impleamini
2380 3973 2447 4041 in
2472 3990 2727 4065 omnem
