2982 4885
974 533 1156 578 uana
1198 532 1279 575 nn
1328 494 1696 577 nzffnsxnus.
2230 507 2359 598 597

423 830 426 831 γ
499 751 732 803 cxxn.
768 751 1083 804 HAEnles
1120 753 1213 803 ΒΕ
1248 752 1603 804 uxonmus
1641 706 1730 801 ὲΤ
1764 747 2183 803 coucumms

1130 849 1540 900 SALOMOMS.

408 1045 581 1113 Sum·
614 1045 919 1124 haeretici,
953 1046 1059 1136 qui
1092 1070 1239 1114 cum
1263 1049 1484 1136 legunt
1506 1046 1574 1110 in
1598 1042 1962 1125 Salomone,
1982 1044 2361 1137 «Sexaginta

325 1180 350 1213 ι
366 1151 621 1239 reginae,
638 1165 707 1219 et
721 1153 1042 1243 octoginta
1063 1152 1464 1227 concubinoe,
1485 1163 1553 1217 et
1571 1151 1925 1239 juvenculae
1947 1174 2217 1240 quarum
2243 1175 2360 1217 nu-

323 1286 348 1317 »
369 1280 579 1323 merus
600 1281 731 1325 non
745 1259 873 1325 est¹
903 1258 1040 1346 (πο)
1071 1282 1087 1323 :
1122 1286 1147 1319 n
1167 1269 1393 1347 putant
1421 1279 1573 1324 enm
1595 1257 1936 1324 mulierum
1965 1280 2154 1323 causa
2178 1269 2245 1323 et
2266 1257 2362 1344 ju-

321 1365 734 1428 vencularum
751 1376 940 1450 atque
966 1363 1471 1429 concubinarum
1496 1386 1838 1429 numerum
1851 1362 2138 1429 edixisse.
2172 1360 2362 1429 Cum·

325 1489 445 1555 que
467 1466 553 1531 ita
577 1466 887 1542 sensiunt,
929 1467 1328 1544 infructuosi,
1364 1468 1495 1533 imo
1524 1467 1735 1557 potius
1764 1479 1840 1533 ut
1867 1466 2119 1556 pagani,
2146 1465 2357 1553 impii,

323 1583 390 1635 et
429 1570 635 1636 Judaei
683 1573 985 1640 ineruditi
1025 1587 1214 1662 atque
1252 1574 1493 1640 indocti
1552 1574 1943 1660 judicantur,
1998 1571 2361 1660 ignorantes

322 1678 493 1763 quod
516 1675 654 1742 haec
680 1678 1072 1745 rationabilia
1100 1691 1247 1745 sunt
1276 1691 1340 1747 et
1362 1678 1821 1745 intellectibilia
1846 1679 1925 1745 ab
1948 1679 2177 1743 eodem
2199 1658 2363 1741 nun-

323 1781 506 1858 tiata,
543 1806 682 1870 quae
713 1784 778 1849 in
813 1784 1048 1851 Christi
1079 1784 1411 1871 majestate
1441 1796 1517 1859 et,
1538 1783 1816 1875 potentia
1850 1781 2091 1849 diversa
2130 1781 2365 1871 gratia-

321 1907 464 1951 rum
517 1910 782 1955 munera
827 1889 1110 1957 humano
1160 1891 1375 1981 generi
1420 1891 1922 1956 ostendebantur
1975 1890 2321 1954 adventura
2341 1936 2362 1961 ,

323 1990 707 2083 diversisque
753 1996 1147 2084 temporibus
1182 1997 1490 2063 voluntati
1535 1995 1869 2062 hominum
1907 2016 1980 2060 ac
2028 1992 2363 2083 capacitati
2410 2018 2419 2027 ·

318 2098 810 2166 desiderantium
864 2103 941 2167 ab
984 2105 1213 2169 eodem
1242 2101 1593 2190 impertita,
1632 2124 1762 2166 non
1791 2103 2214 2189 denegantem
2248 2120 2365 2187 pa-

318 2225 454 2267 rem
504 2206 804 2290 gratiam,
861 2208 976 2269 sed
1008 2207 1186 2290 juxta
1232 2208 1405 2290 qnod
1452 2228 1680 2293 capere
1725 2207 2034 2292 potuisset
2073 2208 2366 2271 voluntas

318 2306 653 2373 hominum
685 2319 1081 2383 nosceretur,
1117 2310 1253 2397 ipso
1276 2309 1551 2375 Domino
1584 2309 1907 2373 tribuente
1944 2321 2134 2395 atque
2156 2310 2370 2375 confe-

320 2412 977 2508 rentequaerentibus
1020 2413 1327 2490 studiose,
1373 2435 1522 2480 cum
1565 2413 1735 2479 dicat
1775 2411 2000 2479 beatus
2047 2416 2367 2503 apostolus

317 2519 544 2586 Petrus
563 2541 580 2585 z
605 2547 630 2580 ι
641 2521 714 2587 In
726 2521 990 2587 veritate
1004 2542 1321 2611 cognosco
1332 2523 1506 2608 quod
1521 2520 1693 2589 Deus
1708 2541 2122 2608 personarum
2142 2542 2366 2610 accep-

322 2650 348 2684 »
365 2634 471 2690 tor
485 2646 615 2689 non
636 2637 734 2691 est
747 2625 794 2692 ².
815 2653 841 2687 »
859 2626 941 2692 Et
955 2627 1186 2693 Paulus
1205 2629 1526 2716 apostolus
1549 2626 1769 2692 itidem
1796 2646 1813 2689 ε
1837 2625 2044 2690 «Deus
2062 2624 2364 2703 hominis,

321 2727 606 2817 »inquit,
642 2753 977 2818 personam
1026 2753 1156 2797 non
1220 2731 1516 2821 accipit⁸.
1553 2759 1578 2794 ι
1620 2732 1716 2796 Ex
1760 2732 2087 2796 voluntate
2150 2730 2367 2821 itaquo

321 2833 497 2920 juxta
542 2837 714 2923 quod
758 2837 1027 2926 quisque
1061 2836 1398 2912 desiderat,
1418 2821 1521 2902 ¹ita
1550 2848 1617 2902 et
1648 2859 1683 2902 a
1714 2836 1848 2902 Deo
1872 2820 2126 2902 Christo
2156 2836 2217 2903 ei
2251 2837 2366 2905 tri-

320 2938 542 3005 buitur
581 2954 770 3028 atque
794 2942 1156 3032 impertitur
1170 2941 1473 3032 quotidie.
1505 2942 1779 3008 Diversae
1803 2941 1993 3031 igitur
2007 2941 2365 3031 dignitates,

322 3066 394 3109 ac
442 3045 700 3112 diversae
751 3049 965 3136 gloriae
1018 3071 1051 3113 a
1095 3047 1435 3114 Salomone
1485 3045 1672 3112 nobis
1709 3046 2013 3113 nuntiatas
2068 3058 2234 3115 sunt.
2290 3050 2364 3117 In

321 3154 620 3216 mandato
636 3151 893 3241 quippe,
911 3153 1073 3242 lege,
1093 3165 1157 3218 et
1179 3151 1409 3218 Christi
1441 3152 1641 3241 gratia
1671 3152 1884 3216 omnia
1917 3173 2056 3238 quoe
2076 3166 2142 3216 et
2154 3152 2365 3240 primo

323 3265 389 3316 et
421 3256 701 3317 secundo
727 3267 792 3318 et
820 3268 1140 3341 postremo
1172 3267 1501 3345 tempore,
1542 3254 1793 3343 populis
1815 3276 1931 3343 per
1962 3255 2207 3321 diversa
2229 3278 2369 3322 me-

324 3356 596 3421 ritorum
634 3357 861 3420 collata
904 3358 1028 3422 sint
1054 3382 1319 3426 munera
1354 3359 1711 3450 dignitatis,
1755 3369 1828 3423 ut
1865 3358 2061 3446 priori
2089 3364 2367 3451 populo,

324 3460 554 3526 deindo
577 3460 617 3526 J
622 3462 984 3534 udaeorum
1016 3462 1202 3526 tertio
1227 3463 1781 3550 Christianorum,
1809 3463 1920 3553 qui
1950 3465 2028 3530 ab
2063 3465 2183 3533 illis
2204 3468 2369 3568 prio—

324 3566 501 3631 ribus
530 3567 637 3650 qui
682 3577 825 3630 ante
852 3563 892 3629 J
898 3562 1109 3630 udaeos
1139 3563 1443 3641 fuerunt,
1478 3589 1627 3632 cum
1662 3569 2052 3634 edocemur'
2032 3593 2098 3635 in
2132 3571 2367 3642 Christi

325 3667 657 3758 praesentia
691 3666 912 3734 itidem
946 3667 1259 3734 diversam
1291 3667 1557 3735 effusam
1587 3673 1852 3760 gratiam
1884 3673 2280 3763 capientibus
2303 3692 2372 3746 et

326 3771 755 3861 quaerentibus
789 3773 1074 3861 quotidie
1095 3772 1499 3862 pervidemus
1535 3775 1795 3843 effundi.
1837 3777 1997 3844 Nam
2029 3782 2207 3868 quod·
2233 3783 2369 3850 aliae

330 3876 554 3944 animae
578 3878 658 3945 ad
678 3877 1010 3968 regimina,
1044 3878 1178 3946 aliae
1201 3882 1284 3947 ad
1314 3880 1860 3970 conjunctionem,
1885 3882 2020 3951 aliae
2048 3887 2131 3954 ad
2164 3885 2366 3953 incre·

395 4061 411 4085 ⁸
440 4047 593 4102 Cant.
613 4063 687 4112 vi,
708 4065 759 4120 7.
789 4064 896 4089 -·
922 4049 1112 4114 Act-x,
1136 4049 1514 4114 ³4.-⁸Rom.
1540 4068 1601 4118 n,
1626 4068 1704 4106 n.
