2982 4885
1090 477 1096 482 ’
1147 487 1403 544 nomm
1447 486 1642 541 xxxn.
2282 473 2416 569 239

362 617 437 683 ot
458 633 586 699 quo
616 624 804 702 pacto
825 612 1141 682 exinaniat
1162 635 1231 682 so
1252 634 1403 683 cum
1435 611 1786 680 humilibus
1810 624 1875 683 et
1896 612 2109 702 parvis
2125 663 2146 692 ,
2173 635 2293 682 nec
2318 638 2418 689 su—

370 717 552 807 perni
582 719 841 796 mundi,
883 741 1004 787 nec
1043 719 1280 790 terreni
1313 717 1621 804 consequi
1649 730 1932 805 possunt.
1978 718 2418 799 Quemadmo-

373 822 531 893 dum
569 824 737 892 onim
783 824 1081 912 majestas
1126 824 1265 912 ejus
1296 846 1427 893 non
1460 822 2055 911 comprehenditur,
2089 825 2180 892 sic
2210 850 2418 915 neque

371 925 431 1014 ej
441 949 512 993 us
526 927 869 997 humilitas.
893 930 1118 1019 ltaque
1129 930 1473 1018 contingit,
1503 940 1576 994 ut
1590 929 1642 994 si
1657 950 1735 993 ex
1751 927 2213 1015 dispensatione
2226 933 2422 1020 subji-

279 1096 284 1100 .
373 1033 558 1101 eiaris
573 1035 1042 1112 affectionibus,
1057 1037 1453 1125 passionibus
1463 1049 1528 1103 et
1541 1035 1964 1124 stigmatibus,
1981 1048 2088 1102 aut
2108 1039 2260 1116 aliis,
2277 1062 2420 1126 que

367 1139 484 1206 tihi
534 1145 794 1208 adversa
831 1142 1150 1219 videntur,
1188 1166 1262 1210 ea
1295 1155 1470 1231 grata
1494 1141 1720 1208 animae
1753 1152 1877 1207 tuae
1911 1140 2224 1214 accidant.
2252 1143 2369 1208 Si
2349 1166 2418 1212 m

367 1248 864 1334 mnndoereruri
881 1249 1067 1322 vohs
1093 1261 1160 1315 et
1176 1248 1515 1324 ditescere,
1533 1247 2008 1314 occurrunttdn
2031 1245 2416 1315 infortunata

368 1351 619 1424 omnia.
638 1328 864 1443 inffpis
886 1366 1100 1421 tecum
1129 1354 1464 1420 rationari:
1490 1352 1844 1434 «Quoniam
1861 1353 2127 1420 feliciter
2143 1377 2416 1421 resmeae

370 1477 499 1521 nen
524 1471 968 1525 successerunt
986 1459 1052 1523 in
1082 1461 1356 1533 mundo,
1394 1460 1634 1524 decedo
1655 1468 1729 1523 ae
1741 1458 2063 1533 renuntio,
2077 1471 2143 1524 et
2163 1459 2332 1525 Deo
2315 1481 2417 1542 μι-

370 1560 597 1625 servio.
630 1588 658 1620 ι
684 1563 1094 1629 Postmodum
1119 1562 1231 1626 ubi
1253 1561 1381 1627 hue
1401 1563 1767 1651 perveneris
1784 1611 1813 1636 ,
1832 1563 2011 1629 audis
2040 1565 2416 1646 mandatum

368 1668 544 1757 quod
582 1665 776 1732 dicit:
810 1694 835 1727 ι
858 1666 1076 1733 Vende
1098 1667 1428 1733 facultates
1458 1681 1642 1743 tuas,
1677 1668 1823 1733 odio
1858 1667 2260 1756 prosequitur
2283 1688 2418 1732 car-

369 1773 625 1836 »nalem
669 1769 1076 1848 societatem,
1123 1772 1352 1838 inservi
1401 1773 1573 1839 Deo¹
1609 1795 1683 1836 ·»
1713 1773 1931 1837 Tum
1913 1771 2138 1863 incipis
2167 1783 2418 1859 gratum

354 1889 434 1943 κ
472 1876 771 1941 exhibere
805 1877 1079 1941 adversae
1108 1875 1413 1951 fortunae,
1455 1898 1581 1963 qua
1622 1875 1687 1943 in
1718 1875 1959 1965 mundo
2000 1861 2410 1952 obrueharis,

311 1982 704 2070 inquiens.
746 2007 771 2041 α
798 1981 969 2051 Ilhus
1011 2004 1162 2048 saue
1197 1983 1535 2048 occasione
1575 1964 2064 2069 deprehendor,
2106 1981 2412 2047 obediens

364 2090 665 2156 mandato
694 2087 1005 2154 Christi.»
1042 2087 1358 2154 Ceterum
1388 2088 1439 2153 si
1461 2109 1547 2154 ex
1582 2098 1806 2174 parte,
1833 2088 2045 2173 quoad
2067 2108 2167 2152 ros
2199 2097 2414 2152 exter-

364 2197 478 2257 nas
502 2242 520 2267 ,
553 2193 812 2257 mutasti
843 2192 1161 2266 animum,
1202 2204 1269 2257 et
1302 2215 1338 2260 a
1367 2193 1609 2265 mundo
1647 2213 1721 2257 ac
1753 2190 1992 2256 carnali
2024 2187 2412 2256 commercio

366 2295 677 2362 recessisti
705 2318 721 2354 =
749 2295 1051 2379 sicigitur
1081 2308 1334 2380 oportet
1363 2307 1427 2358 te
1449 2316 1706 2379 quoque
1737 2295 1949 2380 quoad
1982 2292 2270 2356 animum
2302 2293 2416 2356 im·
2491 2337 2503 2348 ·

365 2396 600 2463 mutari
621 2445 640 2472 ,
674 2419 709 2464 a
740 2396 1043 2484 sapientia
1072 2397 1310 2461 carnali
1351 2396 1420 2459 in
1446 2398 1770 2462 coelestom
1806 2394 2199 2481 sapientiam.
2233 2393 2411 2458 Post·-

366 2502 639 2571 modum
658 2524 738 2567 ex
772 2502 1002 2566 eodem
1035 2500 1257 2564 auditu
1288 2498 1648 2576 discernere
1671 2496 1965 2583 incipies,
1993 2518 2114 2562 nec
2145 2494 2415 2581 amplius

344 2599 564 2682 {hbet
596 2607 883 2695 requiem
898 2655 918 2682 ,
946 2605 1058 2671 sed
1078 2606 1278 2672 solam
1300 2625 1527 2670 curam
1547 2613 1614 2669 et
1633 2602 1920 2684 lahorem
1938 2648 1961 2675 ,
1990 2611 2065 2666 ut
2089 2597 2415 2668 nancisca-

1887 2831 1968 2878 eo
1988 2808 2160 2898 quod
2181 2829 2410 2875 renun-

1876 2939 1885 2981 :
1929 2942 1955 2978 «
1981 2915 2153 2996 Quid
2174 2914 2409 3004 gloria-

1876 3044 1952 3111 30
1971 3018 2219 3088 creavi?
2250 3018 2407 3107 quid

1876 3152 1917 3195 e
1943 3127 2289 3195 Dominum
2306 3136 2407 3201 ,et

1876 3258 1936 3311 s,
1963 3233 2028 3302 in
2057 3257 2184 3321 qua
2214 3234 2400 3319 dego,

1876 3341 1991 3413 ior,
2017 3350 2081 3402 et
2113 3359 2148 3400 a
2171 3348 2238 3401 te
2258 3334 2404 3400 diri-

1876 3444 1916 3509 it
1956 3439 2267 3510 Dominus
2318 3439 2401 3508 ad

1876 3560 1995 3614 ates
2041 3558 2167 3611 tuae
2203 3555 2392 3611 sunt:

1892 3671 2171 3718 amorem
2194 3696 2212 3722 ,
2241 3668 2406 3733 quo-

1876 3779 1911 3821 o
1934 3754 2050 3821 tibi
2069 3801 2088 3829 ,
2125 3773 2264 3839 quae
2297 3769 2404 3814 ne-

1876 3882 1932 3929 ³r
1970 3872 2209 3929 terram
2252 3864 2404 3925 sunt
