2982 4885
668 515 802 591 304
1338 520 1390 562 ι.
1443 512 1706 560 uacum
1752 508 2017 556 marrrn

666 654 878 720 ›lum3
907 671 932 704 ι
979 634 1303 727 respoudit
1321 633 1506 698 Jesus
1543 654 1558 695 τ
1598 656 1624 689 α
1649 627 1815 695 Vivit
1836 621 2177 690 Dominus!
2201 640 2327 684 non
2353 619 2697 708 procedam

667 755 844 820 »sine
882 762 960 814 te.
984 776 1008 807 ι
1055 744 1134 810 Ει
1182 741 1323 828 quis
1359 752 1488 812 est,
1539 735 1648 822 qui
1690 731 2011 799 mandavit
2041 728 2184 802 soli,
2226 739 2297 791 ut
2329 725 2700 791 subsisteret

669 863 824 926 duas
855 855 1005 921 alias
1029 851 1215 916 horas
1248 846 1311 909 in
1339 841 1644 909 conflictu
1667 837 1876 904 belli¹.
1915 836 2011 901 An
2047 835 2175 898 sola
2200 831 2395 920 ipsius
2417 828 2698 898 natura?

668 987 746 1030 au
776 982 918 1050 quae
948 955 1037 1021 illi
1061 951 1387 1019 assistebat
1415 943 1738 1036 potentia?
1759 942 1962 1007 Moses
1994 960 2272 1028 quoque,
2302 958 2442 1001 cum
2469 957 2699 1000 manus

669 1074 1030 1135 consereret
1061 1080 1210 1125 cum
1240 1049 1657 1125 Amalecho²,
1690 1047 1944 1136 quando
1967 1042 2347 1111 extendebat
2375 1062 2596 1106 manus
2629 1038 2700 1102 iu

671 1177 904 1240 eoelum
943 1169 1022 1233 ad
1053 1164 1284 1238 Deum,
1327 1155 1748 1227 conculcabat
1794 1151 2145 1219 Amalech:
2195 1148 2462 1237 quando·
2482 1157 2699 1211 autem

667 1280 1014 1346 declinaret
1044 1292 1296 1343 manus,
1325 1262 1633 1333 Amalech
1662 1259 1952 1350 superior
1984 1268 2138 1322 erat.

753 1384 863 1449 111.
899 1381 997 1447 Tu
1036 1398 1184 1442 vero
1222 1374 1477 1461 quando
1517 1370 1652 1435 haec
1693 1367 1915 1431 auditu
1947 1361 2242 1452 percipis,
2281 1383 2361 1426 ne
2394 1359 2614 1448 procul
2663 1379 2698 1421 a

670 1504 731 1557 te
747 1488 1051 1578 procedat
1067 1505 1246 1548 mens
1264 1493 1367 1544 tua
1375 1504 1394 1554 ς
1413 1499 1637 1542 verum
1661 1473 1807 1562 quia
1839 1473 1940 1537 illa
1965 1482 2154 1559 typus
2176 1480 2357 1533 erant
2380 1478 2442 1531 et
2468 1464 2700 1530 umbra
2765 1485 2777 1497 ·

667 1615 960 1662 verarum
979 1611 1221 1661 rerum,
1259 1584 1671 1650 accommoda
1702 1580 1923 1643 eadem
1943 1577 2056 1640 tibi
2078 1574 2213 1664 ipsi.
2239 1573 2700 1652 Quandocum-

669 1725 792 1790 que
834 1699 1004 1765 enim
1052 1690 1407 1757 extenderis
1456 1709 1680 1751 manus
1731 1682 1921 1747 animi
1963 1681 2052 1744 tui
2083 1692 2149 1743 et
2186 1678 2597 1765 cogitationes
2637 1676 2696 1737 in

670 1807 899 1871 coelum
922 1848 938 1879 ,
962 1811 1148 1882 atque
1186 1791 1457 1857 volueris
1495 1785 1866 1873 agglutinari
1903 1783 2197 1855 Domine,
2232 1782 2496 1847 inferior
2527 1780 2700 1868 cogi-

664 1904 1006 1973 tationibus
1028 1899 1148 1962 tuis
1174 1894 1246 1959 fit
1276 1893 1556 1957 Satanas.
1584 1891 1662 1953 Et
1679 1884 2215 1975 quemadmodum
2246 1883 2511 1948 Jericho
2533 1885 2696 1950 muri

661 2014 1042 2075 corruerunt
1068 2000 1299 2063 virtute
1326 1992 1596 2069 divina³,
1628 1991 1716 2056 sic
1746 2013 1997 2078 quoque
2029 2011 2203 2054 nunc
2237 1989 2403 2053 muri
2441 1992 2694 2055 malitia}

659 2108 1011 2199 impediunt
1055 2115 1338 2170 mentem
1386 2114 1558 2166 tuam
1582 2148 1598 2173 ,
1649 2110 1836 2185 atque
1863 2097 2051 2160 urbes
2084 2094 2332 2159 Satanae
2365 2105 2432 2158 et
2457 2094 2691 2160 inimici

657 2215 749 2282 tui
791 2213 1145 2303 perduntur
1176 2207 1408 2273 virtute
1439 2204 1667 2268 divina.
1703 2200 1801 2266 Ad
1836 2202 2008 2266 hunc
2047 2200 2315 2263 modum
2362 2199 2427 2263 in
2469 2187 2689 2263 umbra

657 2319 814 2410 legis
838 2319 1051 2384 virtus
1097 2314 1303 2382 divina
1349 2310 1780 2376 indesinenter
1825 2310 2041 2371 aderat
2071 2305 2294 2392 justis,
2331 2306 2523 2369 edens
2552 2327 2692 2368 ma-

659 2424 884 2493 nifesta
912 2421 1237 2488 miracula.
1291 2417 1501 2503 Atque
1555 2414 1723 2480 intus
1776 2411 1842 2476 in
1901 2411 2049 2499 ipsis
2102 2409 2433 2476 habitabat
2483 2407 2686 2474 divina

659 2532 875 2620 gratia.
904 2529 1132 2593 Itidem
1164 2544 1416 2612 quoque
1444 2522 1508 2586 in
1531 2519 1861 2608 Prophetis
1891 2515 2302 2606 operabatur,
2336 2528 2520 2602 atque
2543 2537 2688 2602 sup-

656 2635 981 2725 peditabat
1006 2630 1230 2695 animis
1255 2650 1479 2693 eorum
1505 2626 1812 2712 Spiritum
1832 2622 2275 2711 prophetandi,
2304 2634 2367 2687 et
2392 2621 2687 2708 loquendi

655 2750 723 2803 et
758 2736 1012 2802 dicendi
1064 2733 1305 2797 mundo
1350 2753 1449 2794 res
1491 2729 1816 2816 ingentes,
1858 2729 2232 2794 necessitate
2263 2727 2328 2791 id
2361 2737 2672 2815 poscente.

654 2844 796 2910 Non
821 2839 993 2906 enim
1016 2859 1263 2924 semper
1286 2834 1735 2922 loquebantur,
1763 2836 1875 2899 sed
1905 2835 2158 2922 quaudo
2183 2833 2453 2905 volebat,
2484 2830 2586 2917 qui
2619 2830 2682 2894 iu

656 2951 805 3038 ipsis
828 2958 988 3019 erat,
1018 2942 1288 3030 Spiritus
1324 2965 1340 3006 ε
1378 2940 1789 3007 nihilominus
1822 2941 2085 3007 facultas
2114 2962 2359 3027 semper
2393 2940 2630 3001 aderat.

743 3050 849 3117 1V.
889 3050 955 3114 Si
976 3048 1164 3136 igitur
1204 3047 1267 3112 in
1306 3047 1599 3111 umbram
1629 3059 1952 3135 tantopere
2000 3059 2095 3112 cst
2137 3044 2364 3110 ess'usus
2407 3040 2685 3129 Spiritus

655 3168 932 3226 sauctus,
954 3166 1191 3241 quanto
1217 3153 1414 3241 magis
1433 3152 1493 3216 in
1522 3175 1755 3217 novum
1779 3153 2280 3225 Testamentum,
2305 3150 2370 3213 iu
2394 3170 2677 3221 crucem,

653 3262 716 3357 in
752 3265 1090 3327 adventum
1125 3256 1398 3333 Christi,
1434 3258 1689 3349 quando
1731 3256 1892 3323 facta
1924 3273 2019 3324 est
2051 3255 2273 3323 effusio
2311 3269 2378 3321 et
2413 3255 2684 3320 ebrietas

651 3369 970 3457 Spiritus?
1000 3394 1025 3425 ι
1048 3362 1386 3429 Effundam
1430 3361 1637 3438 enim,
1672 3361 1898 3449 inquit,
1938 3366 2016 3427 de
2048 3362 2285 3451 Spiritu
2321 3384 2464 3426 meo
2496 3381 2688 3446 super

650 3503 675 3535 ι
695 3496 952 3537 omnem
974 3492 1232 3536 carnem
1250 3468 1270 3500 ⁶
1294 3515 1309 3532 .
1339 3496 1367 3551 q
1396 3468 1532 3533 Hoc
1556 3483 1673 3544 cst,
1693 3469 1860 3557 quod
1887 3470 2154 3556 ipsemet
2177 3469 2478 3533 Dominus
2496 3466 2675 3539 dixit,

648 3600 880 3665 nempe
914 3600 930 3640 ε
960 3596 986 3635 ι
1016 3573 1358 3640 Vobiscum
1406 3598 1517 3639 ero
1567 3599 1765 3662 usque
1807 3576 1887 3640 ad
1931 3571 2532 3640 consummationem
2559 3591 2680 3632 sae-

652 3715 677 3747 1·
697 3686 852 3750 euli⁶
875 3682 1127 3749 ‚Omnis
1157 3682 1326 3747 enim
1356 3683 1464 3770 qui
1488 3684 1735 3769 quaerit,
1763 3680 2019 3746 invenit.
2061 3680 2128 3745 Si
2156 3678 2417 3752 etenim,
2445 3675 2677 3763 inquit,

649 3812 827 3867 nvos,
862 3789 971 3876 qui
1003 3788 1151 3854 estis
1185 3780 1367 3863 mali,
1405 3787 1600 3851 nostis
1644 3786 1809 3850 bona
1855 3786 2020 3851 dona
2055 3787 2206 3851 dare
2245 3781 2389 3849 filiis
2432 3781 2676 3853 vestris,

711 3952 731 3978 ¹*
755 3940 920 3990 Josue.
946 3955 995 3999 x,
1028 3939 1099 3988 ιδ.
1124 3963 1186 3976 -
1211 3954 1233 3977 ι
1256 3936 1418 3987 Exod.
1450 3951 1574 3989 xvn.
1607 3953 1623 3985 ι
1643 3953 1678 3987 ι.
1709 3964 1776 3976 —-
1802 3940 1824 3976 ⁸
1849 3936 2012 3988 josue.
2041 3954 2117 3999 vi,
2146 3921 2225 3989 ao.
2252 3960 2314 3993 -ι-
2335 3941 2358 3979 ⁴
2387 3936 2493 3989 Act.
2518 3950 2575 3995 u,
2599 3931 2677 3992 16,

646 4036 724 4088 17,
746 4029 793 4073 et
818 4021 945 4071 ³061.
971 4037 1028 4082 u,
1058 4035 1131 4071 ao.
1159 4045 1219 4058 -·
1241 4021 1259 4057 ⁵
1283 4019 1459 4069 Mutth.
1488 4033 1664 4080 xxvm,
1693 4036 1768 4069 πο.
2664 4014 2670 4021 ’
