2982 4885
1029 522 1288 568 nonan
1336 520 1550 567 xxvm.
2166 500 2325 597 219¹,

256 639 412 706 festa
449 637 790 705 celebrans.
845 635 984 703 Non
1028 640 1234 703 solum
1280 652 1499 703 autem
1540 661 1740 725 usque
1786 641 1866 705 ad
1895 620 2295 730 postremum

256 746 612 820 Adamum3
661 746 773 811 sed
803 743 1154 810 etiamnum
1198 744 1302 820 hi,
1345 744 1575 831 quibus
1607 767 1736 809 non
1767 759 1862 810 est
1897 736 2155 813 exortus
2181 748 2293 816 Sol

255 851 509 940 j'ustitiae
533 850 842 925 ChristuS,
873 873 1274 938 quorumque
1299 850 1466 914 oculi
1493 851 1717 914 animae
1733 873 1860 916 non
1881 865 2027 917 sunt
2054 854 2291 944 aperti,

260 980 293 1022 a
324 980 472 1023 vero
504 956 745 1023 lumine
783 956 1163 1031 illuminati,
1200 956 1320 1044 sub
1347 955 1569 1019 iisdem
1604 955 1810 1021 adhuc
1842 956 2085 1023 haerent
2117 970 2294 1024 tene-

255 1060 385 1126 bris
414 1061 692 1151 peccati,
719 1062 942 1126 eadem
970 1063 1370 1148 voluptatum
1403 1064 1628 1149 agente
1662 1058 1722 1123 vi
1754 1061 2003 1147 praediti
2033 1109 2051 1137 ,
2086 1062 2293 1128 eidem

258 1167 566 1256 supplicio
600 1164 906 1254 subjecti,
946 1168 1202 1241 oculos,
1252 1162 1362 1253 qui
1395 1178 1644 1252 patrem
1677 1164 1972 1242 videant,
2010 1168 2298 1231 nondum

257 1273 604 1361 consecuti.

265 1368 270 1373 ”
343 1376 416 1442 V.
471 1379 610 1443 Hoc
646 1377 818 1443 enim
853 1375 1122 1465 quilibet
1156 1388 1568 1467 perspectum
1601 1373 1840 1439 habere
1885 1374 2112 1452 debet,
2159 1397 2299 1443 esse

258 1485 474 1548 oculos
496 1483 827 1549 interiores
850 1484 1084 1547 horum
1111 1484 1449 1547 oculorum
1471 1531 1490 1556 ‚
1527 1493 1594 1546 et
1615 1479 1983 1569 interiorem
2010 1479 2298 1546 auditum

257 1586 450 1673 hujus
497 1585 768 1650 auditus.
824 1586 907 1649 Et
954 1587 1498 1670 quemadmodum
1553 1585 1620 1650 hi
1681 1585 1855 1649 oculi
1914 1585 2300 1649 sensibiliter

258 1690 661 1780 conspiciunt
706 1712 779 1755 ac
819 1699 1218 1777 cognoscunt
1256 1690 1485 1756 faciem
1526 1688 1713 1755 amici
1764 1699 1872 1753 aut
1910 1680 2181 1759 'dilecti‘t
2213 1689 2304 1755 sic

255 1819 509 1883 quoque
530 1794 817 1885 pretiosae
843 1818 917 1860 ac
951 1794 1153 1859 fidelis
1180 1796 1402 1859 animae
1425 1794 1594 1859 oculi
1620 1791 2034 1880 spiritualiter
2057 1793 2303 1858 illumi-

256 1902 384 1966 nati
427 1900 635 1966 divino
666 1900 943 1976 lumine,
979 1899 1307 1964 intuentur
1343 1921 1418 1963 ac
1449 1909 1844 1986 cognoscunt
1879 1917 2103 1961 verum
2138 1896 2302 1961 ami-

253 2010 402 2071 'cum
422 2057 438 2082 ,
467 2006 939 2082 suavissimum,
976 2006 1322 2093 multisque
1345 2006 1506 2070 votis
1532 2004 1962 2070 desideratum
1994 2025 2299 2091 sponsum

253 2111 598 2176 Dominum
635 2160 653 2187 ,
709 2124 773 2176 et
811 2110 1070 2197 quidem
1122 2107 1474 2176 illuminata
1522 2110 1732 2173 anima
1785 2129 1818 2172 a
1856 2106 2097 2196 Spiritu
2144 2108 2300 2172 ado-

256 2218 474 2279 rando,
515 2217 675 2293 Quae
713 2216 801 2280 sic
839 2217 1168 2279 intellectu
1203 2212 1600 2302 conspiciens
1632 2214 2051 2278 desideratam
2087 2235 2159 2276 ac
2198 2234 2304 2276 so-

244 2315 381 2386 'lam
397 2319 876 2383 inenarrabilem
892 2320 1434 2402 pulchritudinem
1448 2369 1461 2389 ,
1483 2342 1695 2381 amore
1713 2319 1925 2382 divino
1941 2318 2262 2382 sauciatur
2280 2366 2298 2391 ‚

257 2434 446 2511 atque
480 2424 560 2485 ad
598 2444 818 2484 omnes
841 2419 1104 2483 virtutes
1130 2419 1401 2505 Spiritus
1428 2420 1741 2505 dirigitur,
1772 2431 1961 2503 atque
1993 2423 2148 2485 adeo
2176 2419 2299 2483 im-

256 2549 546 2592 mensam
580 2537 646 2589 et
677 2534 1051 2613 perpetuam
1089 2523 1501 2608 consequitur
1530 2522 1939 2586 dilectionem
1990 2543 2136 2607 erga
2190 2511 2297 2584 ἐω-

255 2633 400 2721 pius
462 2655 496 2695 a
562 2654 628 2695 se
699 2629 1126 2694 desideratum
1185 2650 1511 2716 sponsum.
1576 2628 1750 2707 Quid
1803 2625 1992 2714 igitur
2049 2625 2299 2690 beatius

256 2749 489 2801 aeterna
514 2756 671 2800 voce
695 2735 798 2798 illa
820 2731 1080 2797 Joannis
1097 2781 1114 2807 ,
1143 2733 1553 2797 monstrantis
1578 2734 1659 2797 ob
1681 2733 1901 2797 oculos
1922 2730 2293 2806 Dominum,

259 2864 332 2906 ac
350 2831 656 2905 dicentis:
682 2866 706 2898 α
731 2838 900 2903 Ecce
924 2836 1141 2926 Agnus
1166 2837 1309 2912 Dei,
1338 2838 1444 2924 qui
1470 2837 1632 2902 tollit
1649 2849 1910 2925 peccata
1934 2834 2187 2901 mundi⁸
2212 2821 2290 2899 H

342 2946 445 3012 VI.
498 2945 739 3012 Revera
776 2971 799 3002 α
826 2944 997 3007 Inter
1022 2955 1201 3007 natos
1226 2944 1568 3007 mulierum
1591 2945 1802 3007 nullus
1826 2940 2032 3028 major
2047 2941 2087 3007 J
2091 2962 2297 3006 oanne

256 3027 634 3140 »Baptisia².
678 3076 703 3111 »
725 3049 1283 3136 Complemcntum
1317 3049 1486 3112 enim
1514 3060 1607 3113 est
1647 3033 2303 3136 omnium‘Propheta-

223 3176 416 3218 rrum,
459 3154 539 3217 Et
571 3163 791 3217 omnes
823 3154 1082 3238 quidem
1113 3151 1438 3217 vaticinati
1482 3166 1633 3217 sunt
1673 3156 1753 3218 de
1788 3153 2095 3229 Domino,
2138 3173 2294 3242 pro·

255 3258 362 3320 cul
400 3268 823 3321 monstrantes
867 3280 1014 3321 eum
1049 3271 1419 3323 venturum.
1473 3259 1615 3348 Ipse
1657 3281 1804 3324 vero
1847 3260 1925 3324 de
1968 3255 2293 3324 Salvatore

253 3362 664 3450 prophetam,
687 3364 1227 3427 commonstrabat
1251 3376 1397 3428 ante
1420 3364 1709 3428 omnium
1731 3365 1977 3435 oculos,
2004 3357 2307 3425 clamans

256 3487 327 3528 ac
362 3466 575 3531 dicens
609 3492 624 3528 ε
671 3493 695 3527 α
728 3468 896 3532 Ecce
926 3467 1146 3553 Agnus
1175 3466 1332 3530 Dei?
1369 3495 1393 3526 »
1434 3467 1609 3544 Quid
1638 3480 1775 3531 erat
1800 3464 2006 3531 suavis
2038 3484 2110 3526 ac
2134 3486 2293 3549 prae·

258 3570 423 3632 clara
451 3583 771 3636 vox-recta
793 3569 1204 3635 monstrantis
1228 3590 1377 3631 eum
1395 3617 1412 3641 ,
1442 3590 1635 3652 quem
1667 3568 2089 3655 praedicabat?
2109 3592 2134 3625 α
2164 3568 2290 3632 Ma-

258 3670 402 3757 »jor
437 3670 681 3736 Joanne
711 3676 874 3739 inter
905 3699 1013 3740 eos
1049 3674 1158 3763 qui
1188 3684 1540 3737 nascuntur
1577 3696 1613 3736 e
1650 3674 2025 3738 mulieribus
2048 3672 2257 3734 nullus
2270 3698 2290 3747 ς

256 3803 282 3836 ι
303 3771 411 3860 qui
437 3783 647 3835 autem
670 3775 879 3838 minor
895 3790 987 3840 est
1013 3780 1076 3840 in
1100 3801 1297 3865 regno
1325 3781 1665 3853 coelorum,
1695 3776 1902 3864 major
1931 3787 2027 3848 est
2046 3771 2215 3842 illo‘.
2250 3803 2275 3836 ι

258 3876 387 3959 Qui
412 3878 685 3963 desuper
722 3897 800 3940 ex
826 3878 958 3943 Deo
993 3880 1123 3943 nati
1157 3892 1304 3945 sunt
1335 3879 1623 3970 Apostoli
1655 3894 1721 3948 et
1753 3879 2059 3970 primitias
2086 3875 2290 3968 Spin-in

326 4006 518 4066 *locut
544 4025 580 4075 η
604 4021 683 4080 20³
716 4032 780 4054 -ι
801 4013 823 4052 ⁵
851 4006 1032 4066 naula
1053 4020 1133 4078 ιη
1164 4021 1238 4095 ι).
1262 4025 1325 4057 *³-
1345 4009 1524 4070 01b¹dt
