2982 4885
708 572 836 615 220
1381 566 1432 609 ⁸·
1484 565 1749 611 uacui!
1795 563 2064 610 auum

702 685 861 752 ritus
899 682 1209 751 Paracleti
1243 694 1629 770 acceperunt
1662 704 1680 746 ε
1717 680 1782 747 bi
1813 680 2125 769 siquidem
2153 727 2172 754 ‚
2208 689 2281 742 ut
2325 701 2451 745 una
2489 680 2730 768 judices

695 800 942 864 essent,
971 809 1043 852 ac
1078 787 1140 851 in
1165 786 1392 852 eodem
1426 786 1652 851 throno
1687 788 2018 889 sederent,
2046 784 2214 873 digni
2249 785 2522 872 reputati
2545 800 2726 851 sunt:

695 892 764 959 bi
799 893 1231 981 redemptores
1268 891 1603 957 hominum
1634 889 1788 957 sacti
1821 904 1992 957 sunt.
2030 889 2281 954 Iuvenis
2316 913 2425 955 eos
2450 891 2735 956 dividen-

696 1009 793 1063 tes
835 1019 1014 1063 mare
1059 1018 1399 1086 pravarum
1437 1007 1860 1086 potestatum,
1907 978 2095 1083 atque
2129 995 2471 1060 educentes
2515 993 2735 1060 fideles

696 1101 959 1167 animas.
1014 1100 1264 1167 Iuvenis
1304 1123 1413 1166 eos
1451 1102 1750 1177 colonos.
1799 1100 2049 1167 vineam
2092 1098 2317 1166 animae
2350 1102 2727 1169 excolentes.

690 1206 941 1271 Iuvenis
974 1228 1082 1272 eos
1127 1206 1637 1296 paranymphos,
1685 1209 2138 1296 desponsantes
2180 1204 2417 1271 animas
2453 1204 2728 1271 Christo.

667 1374 672 1379 .
710 1336 736 1370 ι
773 1310 1096 1401 Despondi
1121 1312 1329 1388 enim,
1363 1311 1570 1400 inquit
1588 1361 1605 1385 .
1631 1333 1742 1377 vos
1767 1310 1878 1377 uni
1907 1310 2106 1377 viro¹.
2129 1338 2155 1371 ι
2208 1310 2455 1376 Iuvenis
2483 1334 2592 1376 eos
2621 1312 2739 1375 lar·

690 1412 933 1502 gientcs
963 1414 1155 1481 vitam
1198 1416 1567 1483 hominibus
1589 1464 1608 1493 ,
1644 1428 1709 1482 et
1739 1415 2108 1483 summatim
2138 1414 2376 1481 invenis
2408 1436 2517 1479 eos
2549 1413 2741 1481 variis

698 1540 773 1585 ac
812 1521 1077 1587 diversis
1110 1524 1317 1590 modis
1346 1523 1780 1615 ministrantes
1811 1520 2094 1614 Spiritui.
2143 1521 2261 1589 Hie
2292 1519 2482 1610 igitur
2507 1532 2604 1586 est
2635 1518 2740 1585 ille

693 1646 926 1713 parvus
947 1674 966 1701 ‚
999 1626 1110 1715 qui
1138 1627 1349 1714 major
1369 1640 1469 1694 est
1497 1626 1749 1694 Joanne
1780 1628 2084 1717 Baptista.

790 1729 925 1795 vll.
982 1730 1547 1808 Quemadmodum
1580 1732 1751 1795 enim
1796 1731 2066 1817 agricola
2101 1729 2326 1815 jugum
2360 1732 2552 1794 boum
2588 1726 2745 1793 diri-

694 1851 848 1915 gens
880 1831 1113 1896 excolit
1147 1844 1416 1895 terram=
1453 1833 1681 1895 eodem
1710 1852 1963 1917 quoque
1987 1834 2177 1894 modo
2194 1832 2509 1897 Dominus
2530 1833 2745 1909 Jesus,

690 1933 1027 2020 praeclarus
1071 1955 1148 1999 ae
1188 1957 1374 1998 verus
1414 1934 1730 2021 agricola,
1774 1933 1962 1997 binos
1994 1934 2330 2021 Apostolos
2375 1940 2701 2023 copulans
2728 1989 2745 2014 ‚

688 2035 898 2103 emisit
925 2057 1071 2112 eos,
1114 2059 1263 2102 cum
1297 2036 1420 2101 illis
1452 2038 1749 2101 excolens
1786 2048 2025 2102 terram
2059 2035 2458 2103 audientium
2489 2061 2565 2103 ac
2596 2064 2749 2108 vere

689 2138 1105 2206 credentium.
1148 2138 1464 2205 Caeterum
1495 2139 1618 2206 boc
1647 2163 1904 2228 quoque
1930 2142 2105 2208 dictu
2141 2142 2410 2229 dignum
2437 2157 2574 2221 est,
2612 2168 2744 2214 non

695 2246 761 2314 in
785 2248 917 2313 solo
949 2244 1137 2311 verbo
1170 2245 1422 2313 auditus
1456 2268 1723 2335 regnum
1749 2246 1907 2322 Dei,
1942 2260 2009 2312 et
2031 2248 2491 2336 Apostolorum
2512 2252 2740 2340 praedi·

706 2349 1020 2417 cntionem
1063 2372 1201 2416 esse
1225 2400 1244 2426 ,
1287 2350 1483 2416 veluti
1529 2351 1582 2415 si
1622 2350 1763 2438 quis
1812 2351 2066 2417 dicendi
2117 2350 2417 2417 facultate
2457 2356 2732 2444 polleat,

697 2462 890 2541 atque
927 2459 1099 2543 apud
1136 2456 1290 2522 alios
1322 2467 1623 2546 peroret;
1672 2456 1780 2521 sed
1820 2455 1883 2521 in
1942 2457 2172 2522 virtute
2225 2470 2415 2545 atque
2457 2458 2735 2527 efficacia

696 2557 974 2645 Spiritus
1010 2585 1278 2649 regnum
1313 2563 1678 2628 consistere.
1719 2561 1867 2628 Haec
1900 2563 2070 2628 enim
2096 2563 2462 2653 obtigerunt
2485 2589 2733 2654 quoque

697 2661 1124 2727 Israelitarum
1158 2664 1301 2728 filiis
1323 2711 1340 2738 ,
1381 2666 1686 2738 continuo
1722 2667 2179 2733 meditantibus
2206 2665 2600 2757 Scripturas,
2636 2681 2736 2735 ut-

689 2776 853 2854 pote
887 2766 994 2852 qui
1043 2765 1121 2828 de
1173 2767 1450 2832 Domino
1495 2770 1973 2837 meditationem
2026 2775 2482 2863 suscipiebant,
2539 2776 2734 2864 ipsam

696 2891 849 2935 vero
880 2868 1314 2935 haereditatem
1355 2869 1489 2935 aliis
1517 2874 1851 2939 tradebant
1879 2898 1895 2940 ε
1935 2877 2020 2943 ita
2053 2879 2166 2967 qui
2189 2903 2511 2946 sermones
2535 2879 2734 2968 Spiri-

700 2984 802 3038 tus
835 2973 969 3047 aliis
1001 2987 1338 3052 enarrant,
1385 2998 1536 3041 cum
1568 2976 1685 3066 ipsi
1719 2981 1986 3048 verbum
2027 2983 2093 3048 in
2127 2984 2351 3050 virtute
2375 3006 2501 3047 non
2540 2985 2737 3070 possi·

709 3079 929 3154 deant,
969 3079 1103 3145 aliis
1143 3083 1400 3146 tradunt
1431 3081 1885 3152 haereditatem.
1933 3090 2150 3157 Gloria
2180 3087 2380 3166 Patri,
2423 3101 2491 3155 et
2529 3087 2696 3156 Filio
2710 3136 2736 3170 ,

703 3194 770 3248 et
799 3182 1061 3273 Spiritui
1084 3196 1304 3251 sancto
1328 3185 1394 3252 in
1418 3189 1667 3255 saecuia.
1698 3189 1922 3258 Amen.

778 3333 1164 3394 *scor-xus.
