2982 4885
688 523 776 601 44
1365 541 1414 584 s.
1469 532 1734 584 uacum
1781 533 2054 581 actvm

683 642 1138 747 »resipiscente
1172 657 1193 693 ¹
1245 680 1263 722 ε
1304 684 1331 718 ι
1390 669 1453 723 et
1497 675 1797 721 rursum:
1850 679 1876 712 α
1920 650 2062 719 Non
2096 650 2270 717 enim
2316 667 2414 721 est
2443 657 2740 728 voluntas

681 764 926 831 »Patris
961 765 1112 840 mei,
1146 776 1218 829 ut
1236 773 1453 852 pereat
1475 784 1642 827 unns
1664 782 1741 825 ex
1770 757 2048 848 parvulis
2073 757 2207 822 istis
2226 757 2508 827 minimis
2529 763 2576 828 ².
2608 791 2634 827 ι
2666 766 2738 834 Si

674 870 824 938 vero
860 872 997 959 quis
1037 870 1272 958 ingenti
1306 892 1454 959 erga
1495 891 1564 934 se
1602 866 1886 931 bonitate
1925 886 1999 929 ac
2039 863 2302 930 lenitate
2333 865 2489 944 Dei,
2525 871 2633 957 qui
2664 872 2732 937 in

683 976 1026 1041 vindictam
1060 975 1454 1063 singulorum
1478 983 1921 1063 peccatorum,
1951 980 2082 1035 tam
2106 971 2509 1037 occultorum
2538 996 2730 1060 quam

681 1081 1193 1157 manifestorum,
1230 1102 1358 1146 non
1396 1077 1718 1169 procedit,
1769 1077 1883 1142 sed
1916 1086 2196 1163 spectat,
2230 1087 2434 1153 tacet,
2477 1100 2554 1143 ac
2586 1090 2729 1144 tan-

683 1186 891 1276 quam‘
927 1187 1369 1275 poenitentiam
1416 1185 1818 1275 praestolatur
1852 1233 1870 1258 ,
1915 1182 2150 1246 abusus
2189 1202 2268 1246 eo
2310 1183 2734 1249 contumaciae

682 1291 1026 1381 procedat,
1050 1305 1134 1357 -ut
1165 1301 1428 1381 peccata
1473 1288 1752 1377 peccatis
1784 1299 2094 1376 apponat,
2129 1295 2194 1352 et
2229 1286 2584 1353 socordiam
2622 1312 2734 1355 so-

682 1399 915 1464 cordiae
936 1384 1281 1474 annectat,
1322 1410 1389 1463 et
1432 1396 1738 1462 offensam
1771 1394 2027 1461 offensae
2067 1393 2566 1483 superaedificet,
2619 1396 2726 1463 ille

680 1528 903 1589 omnes
928 1503 1085 1570 fines
1118 1503 1366 1593 peccati
1397 1503 1648 1591 implet.
1680 1514 1747 1568 et
1771 1501 1835 1566 in
1868 1512 2109 1567 tantam
2142 1499 2534 1587 iniquitatem
2559 1501 2726 1567 inci-

677 1608 793 1685 dit,
827 1631 905 1675 ex
929 1632 1050 1697 qua
1075 1630 1400 1700 emergere
1424 1628 1555 1672 non
1586 1606 1806 1695 possit,
1834 1607 1949 1671 sed
1974 1603 2348 1679 conteritur,
2373 1617 2440 1671 et
2464 1608 2633 1673 malo
2659 1606 2722 1672 in

681 1727 1064 1800 perpetuum
1096 1712 1389 1785 traditus,
1415 1711 1603 1799 perit.
2429 1790 2434 1801 ι

767 1816 978 1882 XXII.
1027 1815 1133 1881 Sic
1173 1814 1519 1881 Sodomitis
1542 1813 1826 1903 contigit.
1857 1813 2051 1881 Multa
2077 1813 2250 1880 enim
2281 1834 2430 1880 cum
2465 1835 2727 1903 peccas—

677 1932 855 1996 sent,
892 1942 1016 1987 nec
1046 1920 1336 1986 conversi
1371 1919 1672 1997 fuissent,
1714 1941 1792 1987 eo
1824 1919 2141 1996 criminis,
2175 1921 2258 1987 oh
2282 1920 2626 2010 pessimum
2656 1922 2723 1987 iu

674 2025 949 2114 Angelos
995 2026 1329 2093 consilium
1351 2075 1369 2103 ,
1405 2024 1830 2091 masculinum
1868 2031 2111 2091 coitum
2146 2049 2294 2092 cum
2333 2026 2453 2093 illis
2485 2025 2717 2093 exerci-

678 2132 831 2207 tnri,
864 2133 1140 2222 prolapsi
1166 2144 1336 2207 sunt,
1359 2144 1434 2197 ut
1461 2154 1580 2197 nec
1618 2129 1887 2219 amplius
1909 2130 2279 2219 poenitentia
2301 2133 2709 2208 ducerentur,

673 2238 783 2301 sed
806 2237 868 2302 in
895 2250 1274 2327 perpetuum
1298 2237 1814 2325 reprobarentur.
1849 2236 2280 2324 impleverunt
2310 2236 2483 2301 enim
2508 2236 2719 2302 termi-

670 2365 785 2407 nos
816 2343 1061 2432 peccati
1090 2392 1109 2420 ‚
1149 2343 1434 2431 quinimo
1476 2340 1850 2431 transgressi
1886 2353 2054 2407 sunt.
2103 2342 2322 2422 Quare
2352 2341 2481 2431 igni
2511 2366 2588 2408 ex
2625 2342 2717 2408 di-

669 2448 814 2514 vino
844 2449 1084 2537 judicio
1109 2449 1472 2539 consumpti
1504 2461 1669 2514 sunt.
1705 2448 1800 2513 Ita
1831 2459 1897 2513 et
1927 2449 2325 2536 temporibus
2347 2447 2485 2515 Noe·
2517 2448 2718 2515 conti-

660 2555 777 2642 git,
811 2559 1012 2623 multa
1038 2579 1187 2622 cum
1220 2559 1460 2622 scelera
1484 2566 1976 2644 perpetrassent.
2019 2576 2138 2621 nec
2178 2554 2611 2645 resipuissent,
2646 2556 2714 2622 in

658 2664 836 2724 'tanta
858 2672 1118 2749 peccata
1142 2660 1532 2733 inciderunt,
1561 2671 1630 2724 ut
1652 2661 1911 2725 tandem
1935 2661 2230 2727 universa
2255 2674 2422 2727 terra
2449 2663 2703 2750 periret.

669 2762 774 2829 Sic
807 2763 871 2827 in
905 2764 1236 2854 AEgyptios
1276 2764 1557 2829 multum
1599 2757 1992 2831 offendentes
2032 2777 2099 2832 et
2137 2767 2202 2831 in
2243 2766 2363 2832 Dei
2402 2769 2713 2855 populum

664 2878 1003 2956 peccantes
1038 2866 1374 2934 clementia
1405 2868 1575 2935 Deus
1606 2892 1756 2935 usus
1784 2884 1915 2946 est,
1951 2893 2079 2937 non
2115 2871 2305 2937 tantis
2333 2871 2536 2962 poenis
2569 2871 2712 2937 illos

669 2971 981 3048 afficiens,
1013 2985 1087 3038 ut
1113 2974 1374 3040 omnino
1396 2975 1680 3065 perirent
1708 2996 1725 3041 ε
1755 2977 1869 3043 sed
1900 2979 1979 3043 ad
2013 2977 2486 3066 castigationem
2508 3027 2526 3054 ,
2560 2999 2713 3043 cou-

660 3078 1021 3144 versionem
1054 3091 1116 3146 et
1145 3081 1584 3169 poenitentiam
1614 3083 1844 3150 inflixit
1881 3083 2031 3172 ipsis
2060 3085 2315 3174 exiguas
2349 3084 2462 3150 has
2494 3084 2715 3171 flagel-

660 3184 870 3248 lorum
901 3187 1115 3274 plagas
1133 3236 1153 3264 ,
1182 3188 1446 3274 patienti
1475 3189 1688 3256 animo
1718 3202 2057 3280 expectans
2090 3213 2313 3257 eorum
2339 3193 2712 3282 resipiscen-

660 3287 831 3355 tiam.
882 3289 1118 3358 Verum
1162 3293 1227 3357 hi
1258 3343 1275 3368 .
1310 3315 1458 3359 cum
1490 3296 1705 3361 multis
1747 3296 1953 3362 modis
1985 3297 2050 3362 in
2084 3299 2393 3386 populum
2426 3296 2541 3363 Dei
2587 3320 2712 3386 pe-

661 3408 904 3460 cassent
929 3446 947 3471 ,
986 3408 1053 3462 et
1085 3399 1165 3462 ad
1195 3397 1402 3464 Deum
1434 3422 1774 3467 conversos
1817 3404 2227 3491 postmodum
2269 3402 2711 3468 conversionis

661 3501 996 3588 poeniteret
1016 3549 1034 3577 ,
1069 3502 1213 3567 etin
1235 3502 1577 3571 inveterata
1604 3530 1809 3596 pravae
1842 3508 2179 3573 voluntatis
2209 3506 2563 3573 diffidentia
2585 3507 2709 3596 ipsi

661 3607 1230 3684 constituerentur;
1268 3613 1706 3701 populumque
1737 3611 1855 3678 Dei
1886 3614 2194 3680 molestiis
2221 3613 2353 3679 sere
2385 3612 2712 3702 opprime-

653 3724 833 3786 rent,
862 3714 1157 3788 tandem,
1192 3736 1339 3780 cum
1371 3738 1490 3806 per
1524 3718 1800 3807 ingentia
1839 3720 2148 3787 miracula
2179 3719 2352 3786 Deus
2391 3721 2709 3810 populum

659 3839 846 3882 suum
870 3809 949 3881 eit
969 3819 1244 3910 AEgypto
1277 3844 1392 3910 per
1424 3823 1642 3890 Mosen
1667 3826 1994 3901 educeret,
2023 3826 2295 3915 graviter
2316 3841 2708 3916 peccarunt,

652 3934 1101 4013 persequentes
1141 3948 1175 3991 a
1234 3937 1413 4016 tergo
1452 3930 1763 4018 populum
1804 3930 1944 3999 Dei.
1989 3930 2396 4022 Quapropter
2436 3929 2715 4000 demum

721 4070 736 4097 ¹
758 4058 883 4111 Luc.
905 4076 990 4123 xv,
1032 4076 1105 4113 ιο.
1133 4087 1196 4100 --
1223 4076 1245 4102 ·
1269 4062 1447 4115 nuth.
1471 4080 1618 4129 nm,
1648 4067 1725 4128 ¹4·
