2982 4885
1108 491 1348 538 ascum
1401 492 1491 538 m.
2189 475 2322 554 465

273 610 599 682 coloribus
646 609 882 684 tincta,
924 609 1207 697 exceptis
1247 606 1520 684 cucullis
1565 629 1703 694 quae
1754 623 2238 699 comparantur,
2285 613 2339 679 si

274 718 516 785 suerint
541 717 759 805 nigrae,
787 713 883 778 uti
905 735 1012 777 eas
1037 712 1273 777 debere
1301 733 1650 777 censemus.

292 812 299 819 ’
356 824 467 889 IV.
521 819 1045 888 Familiaritatem
1080 818 1367 883 omnium
1398 816 1771 893 mulierum,
1807 829 1940 883 tam
1970 833 2333 908 parentum,

266 950 465 1017 quam
509 939 953 992 extranearum
993 945 1109 1013 pro
1149 923 1564 989 custodienda
1597 922 1749 997 vita,
1778 924 1888 988 vel
1909 925 2205 991 cavendis
2236 927 2336 993 ln-

270 1033 452 1119 queis
495 1029 755 1097 diaboli.
789 1029 867 1094 ab
901 1028 1199 1093 omnibus
1238 1025 1636 1092 monasteriis
1674 1027 1775 1090 vel
1808 1027 2076 1092 culturis
2106 1051 2333 1096 mona-

278 1137 552 1203 chorum
572 1184 590 1209 ,
630 1157 742 1198 seu
770 1132 1347 1220 frequentationem
1375 1129 1844 1196 monachorum
1871 1154 1905 1195 a
1937 1132 2336 1199 monasteriis

278 1243 662 1331 puellarum,
688 1238 854 1304 sicut
869 1239 1108 1326 Regula
1128 1237 1341 1312 docet,
1363 1235 1710 1324 prohibere
1736 1257 2090 1302 censemus.
2115 1238 2335 1326 Neque

274 1346 403 1411 ulla
452 1344 683 1409 mulier
723 1343 789 1406 in
822 1341 1085 1405 interius
1118 1341 1348 1415 atrium
1386 1338 1754 1404 monasterii
1793 1340 2040 1428 ingredi
2077 1342 2326 1415 audeat.

183 1519 191 1527 ,
282 1447 475 1528 Quod
511 1448 562 1512 si
606 1468 755 1510 cum
787 1445 1050 1509 consilio
1086 1445 1190 1509 vel
1226 1444 1554 1508 voluntate
1591 1442 1841 1507 abbatis
1877 1445 2337 1511 monasterium

283 1553 386 1617 vel
422 1549 680 1615 cellulas
707 1547 1173 1612 monachorum
1210 1546 1503 1633 quaedam
1538 1546 1780 1614 suerit
1763 1568 2073 1634 ingressa,
2106 1547 2334 1614 merito

283 1656 417 1743 ipse
444 1653 640 1717 abbas
661 1663 725 1715 et
744 1673 981 1716 nomen
1005 1649 1249 1715 abbatis
1281 1652 1582 1739 deponat,
1612 1664 1677 1717 et
1703 1651 2070 1716 inferiorem
2104 1672 2170 1717 se
2192 1674 2334 1719 om·-

275 1759 487 1833 nibus*
522 1755 908 1844 presbyteris
968 1766 1417 1844 recognoscat3
1469 1755 1616 1842 quia
1678 1754 1817 1821 talis
1881 1766 2101 1820 saneto
2155 1779 2338 1848 greffi

272 1855 560 1953 praeponi
596 1860 818 1953 debet,
839 1860 950 1947 qui
973 1883 1082 1924 eos
1105 1861 1548 1926 immaculatos
1569 1861 1705 1926 Deo
1738 1859 1967 1927 offerre
1990 1877 2331 1950 procuretg

236 2014 240 2019 ⁴
277 1991 408 2034 non
439 1988 553 2055 per
580 1964 894 2053 qualisbet
913 1963 1361 2030 familiaritates
1387 1966 1642 2057 diabolo
1666 1965 1910 2030 sociare
1931 1966 2206 2034 festinet.

364 2071 437 2138 V.
492 2069 801 2135 Matutino
821 2068 992 2134 dicto
1010 2068 1233 2134 fratres
1248 2071 1510 2135 lectioni
1525 2083 1759 2135 vacent
1777 2073 1979 2158 u'sque
2002 2074 2083 2136 ad
2104 2072 2331 2141 horam

282 2176 636 2241 secundam
654 2199 673 2247 ;
716 2174 767 2236 si
799 2187 1011 2236 tamen
1044 2176 1218 2236 nulla
1247 2196 1440 2237 causa
1471 2173 1778 2248 extiterit,
1807 2196 1931 2257 qua
1967 2196 2228 2242 necesse
2247 2180 2328 2243 sit

279 2281 475 2345 etiam
506 2275 926 2364 praetermissa
956 2276 1229 2339 lectione
1266 2276 1504 2360 aliquid
1535 2274 1672 2338 fieri
1698 2276 1762 2337 in
1788 2297 2149 2342 commune.
2180 2281 2327 2348 Post

279 2382 503 2449 horam
546 2379 891 2444 secundam
930 2376 1364 2464 unusquisque
1410 2379 1493 2441 ad
1526 2399 1688 2465 opus
1735 2399 1926 2441 suum
1960 2392 2216 2466 paratus
2245 2384 2329 2451 sit

280 2481 484 2574 usque
531 2487 611 2549 ad
656 2483 881 2548 horam
925 2503 1159 2548 nonam
1184 2507 1202 2554 ;
1250 2484 1427 2568 quod
1473 2481 1843 2569 injunctum
1885 2482 2326 2558 suerit,«Sine

283 2619 309 2652 »
326 2585 861 2655 murmuratione¹
892 2612 916 2645 n
933 2583 1239 2673 perficiat.
1943 2650 1959 2656 ,

368 2694 475 2762 vl.
530 2691 632 2756 Ad
662 2690 888 2756 boram
922 2713 1068 2756 vero
1092 2690 1393 2756 orationis
1418 2693 1567 2759 dato
1592 2692 1792 2781 signo,
1829 2695 2090 2781 quinon
2111 2698 2324 2767 statim

289 2796 715 2891 praetermisso
733 2796 907 2861 omni
931 2818 1122 2884 opere
1145 2798 1316 2884 quod
1339 2797 1467 2886 agit
1495 2797 1665 2885 (quia
1685 2790 1849 2868 nihil
1876 2801 2146 2867 orationi
2168 2826 2325 2893 prae-

282 2904 655 2997 ponendum
700 2905 819 2991 est)
872 2915 1126 2991 paratus
1169 2903 1393 2978 fuerit,
1445 2904 1523 2968 ab
1573 2905 1803 2970 abbate
1846 2909 1947 2973 vel
1984 2911 2324 3000 praeposito

303 3010 703 3100 corripiatur,
721 3021 789 3075 et
810 3008 928 3105 nisi
941 3020 1293 3097 prostratus
1314 3008 1561 3075 veniam
1584 3010 1860 3099 petierit,
1881 3015 2325 3100 excommuniss

283 3132 478 3183 cetur.
586 3107 587 3110 ¹

379 3219 515 3287 VII.
573 3219 674 3287 Ad
693 3242 979 3286 mensam
1006 3234 1215 3287 antem
1241 3221 1595 3311 specialiter
1619 3224 1830 3289 nullus
1851 3224 2171 3311 loquatur,
2203 3224 2323 3288 nisi

296 3328 405 3414 qui
421 3338 672 3414 praeest,
694 3328 796 3390 vel
819 3327 927 3409 qui
949 3326 1365 3413 interrogatus
1386 3329 1594 3393 fuerit.
2384 3321 2394 3330 ⁸

379 3430 547 3496 Vlll.
600 3428 703 3495 Ad
732 3427 1082 3492 necessaria
1104 3432 1441 3513 quaerenda
1463 3431 1529 3493 in
1554 3433 1806 3516 cellula,
1832 3431 1968 3496 bini
1995 3432 2328 3519 egredian-

288 3549 394 3602 tur
425 3538 527 3601 vel
550 3533 717 3598 terni
745 3533 998 3604 fratreS,
1048 3542 1110 3594 et
1150 3529 1234 3593 ita
1268 3530 1380 3603 ini,
1418 3532 1651 3617 quibus
1701 3537 2004 3624 creditur,
2049 3557 2181 3600 non
2219 3538 2328 3624 qui

302 3640 747 3705 verbositatem
781 3649 890 3700 aut
917 3637 1127 3722 gulam
1158 3645 1498 3699 sectantur.

382 3744 496 3809 IX.
551 3740 616 3806 Si
646 3740 787 3827 quis
818 3761 970 3804 vero
1001 3753 1174 3805 extra
1197 3738 1653 3805 conscientiam
1686 3741 1930 3808 abbatis
1960 3745 2060 3812 vel
2089 3767 2330 3844 praepo·

298 3850 435 3928 siti,
472 3850 1002 3937 qualemcumque
1033 3849 1250 3916 locum
1274 3869 1592 3982 egressus,
1622 3848 1782 3936 gulae
1811 3850 1913 3914 vel
1945 3849 2237 3921 ebrietati
2264 3877 2334 3921 so

361 3990 594 4056 ιΡὺὶΙίρ.
628 4007 683 4046 ιι,
708 3989 755 4047 4.
1763 4045 1773 4060 ⁶

512 4096 739 4145 nvin.
1872 4117 1882 4128 ·
2032 4073 2116 4139 30
2161 4025 2384 4150 ,ss
