2982 4885
946 507 1024 549 ιη’.
1074 504 1418 548 νᾼτιιιςτιᾼ
1473 507 1552 549 ΕΤ
1603 505 2035 552 msam-moun.
2385 494 2508 568 3.·ῐι

475 634 608 694 tur.
650 643 924 709 poeuam.
972 622 1318 695 Nimirum,
1358 622 1528 710 quod
1571 623 1818 687 divinus
1854 625 1939 689 ait
1966 625 2340 713 ApostoluS,
2378 656 2403 687 ι
2434 632 2515 693 [ἰ

476 726 630 792 »fiat
660 750 848 815 supra
881 727 1142 792 modum
1176 751 1448 816 peccans
1474 728 1872 817 peccatum¹.
1907 758 1931 790 ι

563 832 671 897 111.
727 831 886 896 Cum
914 832 1263 921 decepisset
1297 833 1615 928 Adamum
1646 833 1970 908 inimicus,
1996 848 2061 900 et
2098 835 2185 902 sic
2211 861 2362 903 eum
2389 841 2510 904 do-

472 940 669 1004 minio
703 963 818 1005 sue
852 941 1283 1030 subjugasset,
1331 941 1566 1029 eripuit
1597 941 1688 1015 ei,
1738 942 2137 1028 quam.prius
2195 944 2464 1011 habebat
2488 981 2540 1019 ,1

468 1058 884 1136 potestatem3
922 1046 1006 1111 ita
1039 1046 1333 1136 princeps
1355 1047 1549 1133 hujus
1573 1046 1786 1110 saeculi
1811 1047 2165 1112 declaratus
2188 1062 2300 1113 est.
2335 1050 2511 1115 Prin-

470 1173 618 1242 ceps
667 1151 981 1239 siquidem
1024 1152 1218 1240 hujus
1273 1153 1527 1226 saeculi,
1577 1162 1642 1216 et
1694 1151 1988 1218 dominus
2033 1155 2318 1220 omnium
2362 1157 2513 1222 visi-

465 1255 691 1321 bilium
743 1256 936 1321 homo
998 1257 1074 1322 ab
1123 1258 1301 1322 initio
1352 1245 1560 1322 suerat
1620 1279 1654 1320 a
1709 1256 1844 1320 Deo
1898 1258 2294 1330 constitutus.
2366 1260 2507 1326 Non

465 1362 636 1425 enim
671 1361 784 1447 ipsi
820 1364 1158 1448 praevalere
1192 1362 1351 1449 ignis
1380 1373 1664 1451 poterat,
1704 1383 1832 1426 non
1867 1385 2013 1426 eum
2054 1385 2215 1450 aqua
2253 1364 2504 1429 demer-

465 1485 616 1552 gere
637 1513 655 1539 ,
691 1485 817 1527 non
850 1465 940 1528 illi
976 1464 1108 1528 sera
1149 1488 1416 1540 nocere,
1453 1489 1583 1530 non
1622 1466 1896 1529 suumin
1919 1467 2056 1552 ejus
2081 1468 2366 1532 membra
2397 1459 2510 1532 ve-

464 1590 702 1631 nenum
728 1569 988 1633 noxium
1016 1569 1283 1656 quodvis
1320 1571 1555 1635 animal
1587 1570 1959 1637 diffundere.
1999 1571 2091 1635 Eat
2125 1593 2251 1658 quo
2297 1582 2510 1636 autem

468 1674 825 1761 deceptioni
889 1676 1226 1740 succubuit
1253 1725 1271 1751 ,
1351 1675 1631 1764 prodidit
1700 1676 2026 1764 deceptori
2084 1675 2512 1764 principatum

462 1797 668 1845 suum.
712 1781 979 1868 Propter
1010 1803 1199 1868 quam
1241 1801 1496 1846 causam
1550 1782 1715 1870 magi
1766 1793 1830 1846 et
1875 1781 2393 1869 praestigiatores‚
2443 1794 2508 1847 et

458 1908 576 1975 per
619 1885 1036 1956 adversariam
1088 1884 1438 1951 efficaciam
1484 1886 1682 1960 mira,
1741 1886 2014 1976 Deogsic
2058 1885 2500 1974 permittente,

458 2004 804 2081 operantur
826 2040 844 2067 ‚
905 1992 1227 2067 venenatis
1282 1991 1681 2056 dominantes
1732 1989 1950 2056 hestiis
1970 2039 1986 2064 ,
2050 1990 2387 2080 ignemque
2438 2005 2505 2056 et

459 2111 649 2186 aquas
674 2098 806 2164 sine
830 2122 991 2163 noxa
1015 2100 1358 2164 subeuntes
1379 2148 1395 2172 ,
1425 2109 1498 2161 ut
1526 2095 1563 2160 J
1568 2095 1761 2161 annes
1791 2108 1857 2160 et
1879 2096 2193 2162 Mambres
2218 2098 2503 2162 adversa-

457 2201 533 2264 rii
566 2201 789 2265 Mosis:
819 2214 890 2264 ut
913 2202 1130 2266 Simon
1156 2201 1426 2289 principi
1450 2201 1901 2287 Apostolorum
1929 2201 2116 2265 Petro
2148 2224 2281 2266 sese
2312 2223 2501 2266 ausus

457 2313 553 2366 est
582 2324 924 2389 opponere.

546 2404 649 2470 lv.
702 2404 1008 2471 Existimo
1057 2405 1420 2477 diabolum,
1462 2404 1716 2490 quando
1764 2405 2205 2470 animadvertit
2263 2406 2500 2475 iterum

456 2511 862 2599 effulgentem
885 2510 946 2574 in
974 2509 1131 2575 facie
1154 2510 1341 2576 Mosis
1363 2512 1654 2574 eamdem
1680 2510 1970 2597 gloriam,
2004 2532 2195 2597 quam
2226 2509 2288 2574 in
2321 2515 2502 2579 vultu

456 2602 682 2681 Adanu
720 2613 1000 2686 viderat,
1036 2636 1162 2677 non
1194 2635 1415 2703 parum
1452 2612 1640 2678 fuisse
1667 2615 2069 2703 perculsum;
2097 2626 2319 2703 utpote
2349 2615 2499 2683 inde

457 2718 791 2807 augurium
818 2720 1158 2783 ducentem
1193 2718 1566 2805 dejectionis
1582 2743 1657 2784 ex
1683 2742 1798 2783 suo
1832 2742 2046 2807 regno.
2093 2719 2262 2786 Nihil
2286 2736 2499 2805 autem

455 2824 742 2913 impedit,
778 2824 930 2912 quin
957 2824 1240 2913 Apostoli
1269 2824 1509 2889 dictum
1539 2823 1615 2887 ad
1641 2824 1705 2888 id
1739 2823 2087 2888 reseramus
2110 2847 2127 2889 :
2150 2824 2500 2914 «Regnavit

451 2953 667 2995 »mors
696 2930 775 2995 ab
809 2929 1014 2994 Adam
1048 2952 1248 3016 usque
1279 2929 1359 2994 ad
1396 2928 1679 3017 Moysem
1700 2978 1717 3004 ‚
1756 2930 1949 2994 etiam
1981 2929 2046 2994 iu
2077 2952 2185 2995 eos
2223 2930 2332 3019 qui
2362 2953 2496 2997 non

448 3033 981 3125 »peccaverunt².
1015 3063 1041 3096 n
1073 3034 1305 3123 Opinio
1343 3034 1515 3099 enim
1550 3035 1683 3100 haec
1729 3057 1870 3099 mea
1901 3046 2042 3111 est,
2078 3034 2492 3125 glorificatam

444 3140 613 3207 illam
640 3141 867 3207 faciem
892 3140 1123 3230 Moysis
1139 3190 1157 3216 ,
1185 3163 1546 3229 expressam
1576 3142 1742 3207 velut
1764 3163 1841 3206 ex
1865 3142 2127 3229 antiquo
2148 3143 2491 3230 exemplari

340 3302 343 3303 γ
442 3246 709 3312 formam
736 3259 1214 3335 repraesentasse
1239 3242 1600 3334 conspicare
1626 3244 1926 3310 claritatis
1960 3267 2081 3331 qua
2107 3244 2276 3307 Deus
2303 3245 2494 3329 primi
2533 3302 2542 3311 .

444 3353 571 3417 suis
587 3351 882 3417 manibus
897 3352 1381 3418 effictihominis
1407 3354 1654 3416 vultum
1676 3348 2102 3437 insigniverat.
2128 3347 2319 3424 Quod
2343 3368 2494 3413 cum

443 3455 683 3521 videret
701 3478 893 3529 mors,
910 3456 1034 3518 hoc
1050 3467 1171 3526 est,
1193 3455 1415 3517 mortis
1438 3466 1662 3518 auctor
1680 3452 1994 3524 diabolus,
2015 3461 2155 3513 tum
2186 3450 2491 3537 suspicari

445 3584 592 3626 eum
632 3561 898 3648 coepisse
937 3556 1234 3621 excidere
1277 3578 1343 3618 se
1383 3578 1612 3641 regum
1663 3570 1728 3620 ct
1770 3581 1803 3620 a
1848 3554 2121 3623 Domino
2179 3576 2322 3621 vere
2366 3556 2490 3623 hoc

447 3687 514 3745 se
531 3682 886 3749 passurum.
906 3659 1210 3725 Eamdem
1233 3682 1426 3748 porro
1445 3658 1710 3748 gloriam
1738 3656 1802 3724 et
1819 3683 1990 3727 nuuc
2007 3659 2136 3725 veri
2152 3660 2489 3729 Christiani

447 3766 719 3831 induunt
751 3765 916 3828 intus
940 3762 1005 3827 in
1027 3775 1275 3838 mentc3
1314 3763 1421 3828 ubi
1454 3765 1661 3828 deleta
1697 3780 1900 3829 morte
1921 3813 1939 3839 ,
1978 3765 2098 3829 hoc
2131 3777 2224 3831 est
2244 3767 2489 3856 passio-

445 3871 632 3939 nibus
649 3868 1031 3960 ignominiae,
1052 3868 1182 3934 sive
1195 3869 1723 3967 concupiscentiis
1746 3870 1828 3936 ita
1848 3869 2210 3947 debilitat-is,
2237 3883 2308 3941 ut
2334 3895 2489 3964 ope-

515 4026 531 4067 !
564 4010 709 4064 Rom.
731 4024 824 4076 vn,
854 4007 928 4061 1³.
954 4034 1017 4052 -ι
1045 4021 1065 4048 ¹
1094 4006 1170 4060 ld.
1196 4024 1241 4067 v,
1268 4007 1338 4067 πά.
