2982 4885
715 448 799 526 ¹4
1390 460 1442 511 s.
1493 454 1759 521 nunu
1803 455 2079 511 servm

794 579 875 646 11.
926 576 1009 644 Et
1054 576 1207 653 hoc,
1251 576 1425 664 quod
1448 573 1605 641 vidit
1648 574 1964 664 Propheta
2019 577 2084 642 in
2118 576 2312 644 extasi
2344 602 2458 645 seu
2491 591 2739 670 stupore

708 685 1091 765 constitutus
1106 731 1126 763 .
1152 705 1376 763 verum
1400 703 1473 749 ac
1497 694 1748 751 certum
1770 692 1926 755 erat.
1959 681 2452 771 significabatur
2480 686 2649 751 enim
2669 707 2739 751 ac

711 790 1211 859 adumbrabatur
1255 788 1374 856 alia
1415 788 1745 877 quaedam,
1797 811 1927 854 non
1977 789 2190 856 minus
2236 810 2500 869 arcana,
2557 814 2740 880 quam

711 892 920 965 divina*
965 920 1103 972 res,
1167 895 1544 985 mysterium
1597 894 1842 961 scilicet
1889 918 1921 960 a
1970 897 2481 984 generationibus
2531 920 2738 962 revera

710 1000 1185 1076 absconditum,
1211 1000 1686 1067 maniFestatum
1724 1012 1938 1067 tamen
1964 1001 2204 1068 ultimis
2246 1004 2641 1091 temporibus
2676 1004 2736 1069 iu

711 1108 1099 1209 apparitione
1122 1105 1376 1172 Christi.
1416 1105 1690 1173 Videbat
1715 1105 1887 1203 enim
1912 1109 2288 1196 mysterium
2328 1110 2551 1177 animae
2565 1159 2585 1191 ,
2609 1133 2741 1197 qum

708 1211 1037 1280 dominum
1070 1233 1257 1277 suum
1291 1212 1691 1300 amplexura,
1725 1223 1790 1276 et
1815 1210 2078 1278 thronus
2102 1213 2316 1303 gloriae
2347 1213 2559 1281 sutura
2588 1228 2732 1282 erat.

703 1318 938 1385 Anima
956 1316 1267 1403 siquidem
1288 1364 1308 1391 ,
1336 1339 1476 1403 quae
1493 1317 1573 1381 de
1591 1315 1859 1405 Spiritus
1880 1319 2080 1384 sancti
2101 1370 2119 1395 ,
2144 1321 2554 1409 praeparantis
2577 1323 2742 1388 illam

708 1424 829 1490 sibi
859 1422 926 1488 in
956 1423 1174 1487 sedem
1219 1432 1285 1487 et
1330 1420 1825 1499 habitationem,
1871 1424 2252 1514 participare
2293 1427 2534 1493 lumine
2565 1427 2744 1516 digna

703 1528 1024 1618 judicata,
1063 1540 1130 1593 et
1162 1526 1640 1617 pulchritudine
1679 1528 2116 1597 inenarrabilis
2150 1532 2363 1621 gloriae
2395 1533 2535 1618 ejus
2575 1533 2746 1598 illus-

708 1646 870 1701 trata
906 1644 1035 1708 est,
1074 1644 1205 1698 tota
1236 1630 1309 1698 fit
1351 1635 1571 1700 lumen
1593 1681 1612 1709 ‚
1651 1645 1788 1705 tota
1824 1634 2019 1705 facies
2051 1648 2118 1702 et
2158 1648 2289 1701 tota
2338 1638 2560 1703 oculus
2589 1660 2605 1701 τ
2632 1659 2745 1702 nec

706 1743 836 1806 ulla
868 1751 965 1804 est
999 1739 1136 1825 ejus
1169 1761 1352 1824 pars,
1389 1761 1530 1824 quae
1566 1740 1768 1802 oculis
1802 1740 2235 1826 spiritualibus
2274 1743 2547 1827 luminis-
2565 1743 2746 1830 plena

709 1866 842 1911 nan
871 1842 953 1909 sit
981 1864 998 1907 t
1045 1840 1173 1908 hoc
1202 1853 1299 1906 est
1328 1842 1505 1906 nulla
1537 1840 1680 1927 ejus
1714 1863 1860 1928 pars
1890 1844 2170 1910 tenebris
2208 1845 2409 1913 offusa
2428 1896 2447 1923 ,
2483 1850 2593 1915 sed
2619 1859 2749 1914 tota

706 1952 928 2018 lumen
950 1959 1014 2014 et
1042 1947 1315 2036 Spiritus
1346 1944 1571 2011 effecta
1594 1994 1613 2022 ,
1640 1958 1705 2012 et
1728 1959 1858 2013 tota
1884 1949 2132 2015 oculata
2153 2001 2171 2026 ,
2199 1974 2320 2018 nec
2347 1954 2745 2031 anteriorem,
2797 1986 2802 1991 ·

708 2079 830 2124 nec
868 2053 1282 2145 posteriorem
1306 2064 1554 2141 partem
1585 2055 1778 2117 ullam
1805 2053 2032 2130 habet,
2064 2059 2173 2120 sed
2198 2059 2475 2146 undique
2506 2059 2570 2123 in
2594 2060 2751 2126 facie

709 2172 839 2236 est,
880 2159 1309 2227 descendente
1349 2177 1541 2245 super
1572 2157 1742 2221 illam
1764 2207 1782 2232 ,
1820 2159 1970 2223 etin
2004 2182 2078 2229 ea
2110 2161 2422 2229 insidente
2454 2163 2751 2231 ineffabili

710 2263 1185 2358 pulchritudine
1227 2263 1439 2351 gloriae
1483 2262 1740 2327 luminis
1789 2263 2043 2330 Christi.
2092 2267 2172 2331 Et
2212 2270 2753 2355 quemadmodum

711 2374 807 2438 sol
838 2368 1247 2457 undiquaque
1266 2367 1361 2437 sni
1376 2368 1620 2441 similis,
1642 2370 1879 2432 nullam
1903 2382 2147 2458 partem
2171 2385 2488 2461 posteram
2508 2386 2616 2444 aut
2631 2375 2750 2439 im-

708 2477 1052 2568 persectam
1098 2474 1323 2549 habet,
1371 2476 1479 2538 sed
1524 2486 1697 2539 totus
1743 2477 2003 2541 omnino
2048 2478 2288 2542 lumine
2323 2493 2757 2555 coruscat,et

708 2593 878 2648 totus
931 2583 1149 2645 lumen
1202 2589 1332 2651 est,
1394 2600 1474 2642 ex
1523 2578 1830 2644 similibus
1875 2581 2160 2668 partibus
2218 2583 2530 2647 conflatus
2573 2608 2589 2646 ε
2641 2598 2758 2650 aut

710 2681 1249 2773 quemadmodum
1297 2681 1493 2769 ignis,
1549 2683 1753 2770 ipsum
1798 2686 2042 2750 scilicet
2085 2687 2305 2750 lumen
2352 2687 2542 2776 ignis,
2580 2702 2754 2754 totus

711 2791 830 2856 sibi
860 2789 1081 2856 similis
1115 2798 1246 2861 est,
1294 2808 1412 2852 nec
1454 2790 1770 2864 anterius,
1812 2799 1921 2854 aut
1958 2790 2303 2876 posterius,
2353 2806 2462 2857 aut
2501 2794 2752 2880 majus,

714 2909 823 2963 aut
863 2894 1074 2960 minus
1109 2892 1264 2981 quid
1297 2893 1359 2957 in
1389 2916 1455 2958 se
1488 2894 1682 2961 habet
1711 2919 1726 2959 :
1770 2895 1864 2960 sic
1894 2908 1966 2960 et
1990 2897 2197 2961 anima
2223 2947 2240 2972 ,
2272 2899 2574 2964 ineffabili
2607 2903 2763 2988 pul·

712 3001 1073 3070 chritudine
1096 2999 1308 3087 glorite
1338 3002 1593 3084 luminis
1616 3001 1798 3067 faciei
1832 3001 2063 3067 Christi
2099 3004 2375 3092 perfecte
2407 3007 2751 3084 illustrata,

710 3122 776 3176 et
815 3104 1086 3196 Spiritus
1126 3107 1322 3170 sancti
1366 3107 1646 3196 perfecte
1694 3108 2012 3197 particeps
2046 3109 2239 3185 facta,
2284 3124 2350 3176 et
2394 3135 2534 3198 quoe
2567 3111 2759 3179 fieret

710 3213 1016 3282 habitatio
1047 3223 1112 3278 et
1148 3216 1323 3277 sedes
1354 3213 1501 3288 Dei,
1548 3212 1731 3300 digua
1772 3213 2089 3302 judicata,
2146 3228 2272 3281 tota
2310 3221 2568 3294 oculus,
2618 3232 2762 3286 tota

711 3322 968 3395 lumen,
994 3329 1123 3383 tota
1149 3317 1372 3394 sacieS,
1409 3330 1540 3383 tot'a
1566 3320 1759 3406 gloria
1792 3333 1855 3384 et
1883 3334 2009 3386 tota
2042 3322 2296 3411 spiritus
2333 3323 2403 3389 fit
2424 3374 2441 3399 ,
2478 3326 2562 3391 ita
2595 3349 2766 3415 prae-

709 3437 969 3516 parante
991 3447 1130 3490 eam
1157 3424 1448 3498 Christo,
1476 3424 1717 3490 serente
1738 3474 1755 3499 ,
1784 3439 2036 3515 agente,
2066 3440 2393 3516 portante,
2429 3444 2758 3518 gestante,

711 3532 927 3619 sicque
963 3543 1310 3596 exornante
1357 3552 1429 3594 ac
1475 3531 1822 3597 decorante
1855 3532 2025 3596 illam
2061 3533 2539 3620 pulchritudine
2564 3536 2767 3625 spiri-

710 3637 908 3704 tualit
943 3635 1146 3724 inquit
1191 3634 1361 3699 enim
1387 3656 1452 3698 t«
1476 3635 1697 3709 Manus
1735 3637 2009 3702 hominis
2051 3650 2189 3703 crat
2227 3641 2454 3705 subtus
2500 3642 2766 3706 Cheru-

707 3742 905 3808 sirim.
941 3768 965 3802 ι
998 3739 1165 3819 Quia
1209 3739 1340 3826 ipse
1382 3750 1506 3814 est,
1539 3740 1652 3828 qui
1694 3740 1757 3805 in
1794 3763 1869 3806 ea
1908 3742 2191 3820 vehitur,
2238 3758 2304 3809 et
2347 3745 2458 3833 qui
2488 3744 2656 3811 viam
2696 3748 2766 3812 ei

709 3855 1187 3914 commonstrat.

792 3952 902 4019 111.
958 3950 1250 4030 Quatuor
1292 3961 1504 4015 autem
1548 3948 1654 4017 illa
1691 3952 1984 4020 animalia
2014 3975 2280 4022 currum
2309 3954 2607 4034 ferentia,
2649 3969 2773 4045 ty-
