2982 4885
829 545 1026 592 suano
1070 549 1149 618 m}
1198 549 1459 594 nxcassn
1509 549 1839 597 msa-onulfi.
2221 538 2350 623 449

317 676 602 730 natorem
631 664 860 729 horum
882 663 1111 729 Deum.
1145 664 1303 744 Quae
1334 664 1442 731 ubi
1478 678 1845 742 contuetur,
1877 690 1950 733 ac
1982 670 2346 758 perlustrat,

313 769 705 844 immutatur,
743 769 1258 856 oblivisciturque
1283 791 1715 835 :erumnarum
1747 772 2059 851 omnium,
2095 788 2159 841 et
2181 777 2351 845 labo-

313 894 481 949 rum,
513 896 673 961 quos
698 874 763 941 in
796 895 1063 964 corpore
1085 887 1486 940 commorans
1520 874 1730 942 suerat
1758 899 2070 965 perpessa.

399 976 500 1043 1V.
556 977 640 1044 At
669 978 718 1043 si
746 991 1160 1067 peccatorum
1203 1002 1307 1045 rea
1352 979 1657 1045 sueritac
1713 980 1947 1056 affinis,
1993 985 2349 1077 voluptates

312 1084 674 1173 conspicata
695 1095 1082 1159 sanctorum,
1117 1083 1476 1149 contristari
1510 1083 1756 1174 incipit,
1786 1107 1979 1174 seque
2004 1087 2138 1178 ipsa
2166 1093 2352 1160 dum-

311 1209 485 1262 nare,
511 1187 629 1252 Hei
656 1188 838 1264 mihi,
866 1188 1184 1276 inquiens,
1218 1211 1413 1276 quam
1444 1211 1563 1277 ego
1599 1190 1661 1253 in
1697 1191 1878 1255 terris
1911 1194 2178 1283 desipui,
2215 1220 2356 1287 quae

310 1293 451 1360 vitae
493 1294 925 1382 voluptatibus
970 1307 1260 1383 tempora
1298 1316 1441 1359 mea
1483 1294 1769 1362 tribuens
1818 1298 2159 1366 maximam
2212 1304 2353 1368 vitae

311 1415 559 1488 partem
590 1382 849 1465 incuriae
873 1424 977 1466 me
1011 1400 1265 1475 tradidi,
1302 1423 1423 1466 nec
1445 1449 1463 1476 ,
1502 1412 1575 1465 ut
1595 1399 1834 1467 sactum
1864 1407 2184 1491 oportuit,
2218 1410 2356 1475 Deo

311 1504 559 1578 servivi,
603 1518 676 1570 ut
707 1517 773 1569 ct
823 1505 955 1593 ipsa
1002 1505 1272 1591 hujusce
1300 1505 1532 1593 ‘gratiae
1574 1527 1647 1570 ac
1681 1507 1897 1594 gloriae
1927 1531 2129 1575 essem
2163 1513 2358 1598 parti-

311 1610 499 1697 ceps!
534 1609 635 1675 Me
664 1610 960 1676 miseram
986 1612 1001 1673 l
1029 1611 1379 1678 etiamnum
1411 1633 1515 1677 me
1547 1634 1715 1676 curae
1748 1626 1813 1679 ot
1845 1612 2198 1700 inconsulta
2234 1618 2360 1684 sol-

309 1715 599 1791 licitudo,
636 1715 869 1802 quibus
897 1714 964 1780 in
999 1715 1105 1781 illo
1152 1719 1393 1787 mundo
1442 1718 1744 1791 tenebar,
1791 1717 2238 1798 circumstare,
2290 1745 2362 1789 ac

310 1819 792 1886 circumsaltare
828 1843 959 1886 non
992 1823 1273 1887 cessant!
1311 1807 1488 1904 Quid
1524 1845 1692 1893 nunc
1734 1845 1837 1889 me
1878 1823 2104 1911 juvant
2132 1839 2241 1892 aut
2268 1829 2368 1893 vi·

310 1938 479 2002 neta,
516 1949 654 2013 quae
685 1927 995 2015 plantavi,
1038 1939 1146 1991 aut
1185 1925 1440 2003 oliveta,
1476 1949 1617 2014 quae
1652 1929 1865 1993 colui?
1895 1928 2050 2015 quid
2086 1953 2255 1997 nunc
2284 1935 2365 1998 ad

308 2053 411 2095 me
461 2030 780 2096 commodi
825 2055 903 2095 ex
955 2054 1105 2119 agro
1145 2032 1347 2105 redit,
1395 2054 1587 2119 quem
1626 2031 1881 2121 coemi?
1924 2055 2062 2120 quae
2104 2059 2180 2100 ex
2211 2058 2365 2105 auro

309 2136 568 2214 utilitas,
604 2138 776 2224 quod
802 2136 1045 2203 amavi?
1076 2137 1230 2224 quid
1268 2136 1504 2202 divitiae
1526 2149 1822 2225 prosunt,
1859 2159 2014 2224 quas
2044 2140 2170 2208 illic
2215 2165 2361 2230 pos-

310 2243 491 2308 sedi?
530 2244 687 2329 quid
733 2242 941 2306 omnis
971 2241 1119 2305 vitae
1159 2244 1476 2328 voluptaS,
1527 2264 1647 2327 qna
1684 2242 1870 2305 isthic
1913 2243 2140 2307 fruitus
2177 2249 2366 2313 sum?

310 2346 426 2411 Hei
467 2345 655 2409 mihi!
701 2366 841 2431 quae
870 2344 1190 2407 incassum
1222 2365 1324 2406 me
1359 2343 1647 2429 fatigavi!
1692 2343 1795 2406 hei
1825 2343 2003 2417 mihi,
2039 2368 2177 2430 qnae
2205 2349 2361 2417 insi·

306 2451 558 2539 pienter
614 2450 802 2514 vitam
844 2447 1130 2536 perdidi!
1178 2447 1281 2512 hei
1330 2446 1526 2548 milti,
1571 2469 1712 2534 quae
1754 2446 1961 2533 exigui
2013 2453 2308 2537 temporis
2335 2438 2366 2526 ,⁸

310 2579 502 2653 quam
523 2556 913 2644 deperibam,
934 2548 1153 2643 gloria,
1181 2574 1529 2642 perennem
1565 2573 1635 2616 ac
1670 2562 1972 2616 aeternatn
2009 2553 2160 2619 mihi
2201 2557 2350 2622 insa-

313 2662 505 2726 miam
538 2660 931 2749 comparavi!
966 2659 1071 2724 hei
1109 2658 1299 2731 mihi,
1336 2678 1474 2744 qnae
1509 2659 1671 2721 mala
1707 2678 1885 2720 mens
1926 2680 2026 2722 me
2073 2682 2353 2746 pessum-

314 2767 524 2831 dedit!
575 2765 681 2831 Vae
711 2764 903 2830 mihi!
941 2765 1263 2853 quomodo
1307 2763 1388 2828 ita
1425 2772 1735 2828 excaecata
1767 2760 2025 2838 fuerim,
2070 2786 2208 2854 n0n3
2241 2787 2351 2830 ca·

310 2873 435 2960 pio.
478 2871 585 2937 Vae
616 2870 809 2940 mihi!
844 2892 1014 2936 nunc
1044 2869 1203 2934 mihi
1236 2868 1537 2933 auxilium
1565 2869 1728 2932 serre
1759 2871 1945 2932 nem'o
1969 2881 2200 2958 potest,
2225 2892 2346 2946 noc

298 2976 548 3066 efficere
588 2975 958 3063 quisquam,
1006 2987 1079 3038 ut
1123 2988 1188 3040 et
1227 2998 1343 3063 ego
1384 2972 1598 3039 infelix
1640 2974 1853 3061 gloriae
1894 2974 2147 3039 Domini
2191 2974 2337 3040 liam

301 3081 629 3170 particeps.
673 3082 1014 3168 Postquam
1066 3103 1217 3145 vero
1261 3080 1486 3145 dicbus
1520 3078 1639 3144 illis
1682 3101 1871 3144 omne
1908 3079 2157 3168 piorum
2196 3105 2340 3170 gau-

302 3185 472 3249 dium
504 3188 928 3275 contemplata
963 3197 1092 3265 est,
1135 3208 1388 3251 sursum
1420 3207 1639 3250 rursus
1673 3186 1751 3250 ab
1784 3186 2039 3273 Angelis
2072 3189 2151 3251 ad
2185 3190 2332 3250 ado-

302 3293 567 3356 randum
607 3293 817 3355 Deum
866 3292 1171 3357 evehitur.
1227 3292 1422 3358 Recto
1463 3291 1655 3380 igitur
1700 3312 1864 3354 nona
1911 3291 2012 3353 die
2054 3291 2338 3355 Ecclesia

302 3417 413 3481 pro
442 3395 567 3461 vita
601 3394 832 3459 functis
856 3418 1076 3480 preces
1108 3407 1172 3458 et
1191 3397 1542 3461 oblationes
1575 3394 1863 3460 instituit.
1895 3393 2044 3456 Post
2073 3395 2334 3458 alteram
2366 3389 2374 3398 ’

303 3521 449 3564 vero
482 3499 939 3569 adorationem,
972 3497 1079 3560 ille
1103 3496 1388 3560 omnium
1420 3499 1657 3562 arbiter
1682 3499 1850 3562 Deus
1883 3496 2031 3561 duci
2063 3496 2233 3560 illam
2259 3501 2340 3563 ad

303 3605 534 3670 inferos
565 3605 770 3690 jubet,
813 3601 1026 3686 ibique
1058 3599 1174 3685 ipsi
1204 3620 1422 3686 poenas
1459 3599 1733 3672 ostendi,
1772 3603 2069 3688 variaque
2120 3601 2341 3687 impio-

303 3731 445 3771 rum
478 3706 805 3793 supplicia,
849 3726 988 3790 quae
1020 3701 1379 3766 desidentes
1422 3700 1552 3766 illic
1584 3699 1807 3768 animae
1835 3704 2069 3791 jugiter
2097 3707 2344 3771 lamen-

304 3811 497 3877 tando
552 3805 902 3896 deplorant,
966 3805 1388 3894 dentibusque
1430 3805 1817 3873 infrendunt.
1870 3808 1944 3872 ln
1986 3807 2084 3874 his
2130 3822 2341 3879 autem

302 3912 761 4003 suppliciorum
793 3907 1050 3977 diversis
1082 3910 1419 4000 generibus
1443 3912 1902 4001 perlustrandis
1935 3913 2183 4004 triginta
2208 3917 2342 3986 dies

300 4020 515 4089 anima
548 4029 924 4105 occupatur,
964 4029 1257 4085 tremens.
1277 4038 1350 4084 ac
1378 4030 1697 4114 metuens,
1733 4042 1815 4088 ne
1846 4033 1913 4088 et
1936 4020 2067 4111 ipsa
2099 4023 2180 4087 ad
2209 4035 2345 4095 tam

520 4144 742 4222 nrm,
1062 4189 1069 4200 ,
2042 4147 2128 4224 ²9
