2982 4885
603 496 740 573 '218
1285 522 1332 564 s.
1390 520 1653 567 uacum
1701 520 1969 567 acrem

595 637 924 708 habuerit!
968 634 1270 725 quoniam
1295 635 1359 702 in
1385 637 1616 702 acerbo
1643 636 2048 703 tenebrarum
2077 634 2238 702 mari
2266 636 2504 726 degens
2524 686 2543 715 ,
2576 650 2642 704 et

595 728 896 810 fluctibus
922 742 1331 808 affectionum
1354 754 1648 830 quassata
1666 792 1683 818 ‚
1719 755 1908 829 atque
1932 764 1966 806 a
1993 741 2316 831 spiritibus
2341 767 2635 832 nequam,

591 852 765 914 velut
786 847 1059 937 hyemali
1093 859 1468 934 tempestata
1491 848 1753 935 jactata,
1791 850 2051 913 tandem
2076 848 2403 915 interitum
2429 873 2642 916 conse-

595 956 828 1044 quitur.
869 954 975 1019 Vae
1009 953 1269 1027 animae,
1304 952 1355 1016 si
1394 953 1709 1028 caruerit,
1752 952 1862 1040 qui
1899 955 2149 1019 excolat
2172 954 2348 1019 illam
2374 956 2644 1044 diligen-

591 1074 711 1134 ter,
748 1058 1034 1133 Christo,
1070 1070 1140 1123 ut
1179 1058 1384 1123 bonos
1417 1057 1674 1124 fructus
1704 1056 1979 1147 Spiritus
2007 1056 2365 1148 producere
2402 1062 2637 1150 possit!

594 1165 740 1253 quia
780 1186 927 1230 cum
978 1162 1059 1227 sit
1111 1164 1358 1227 deserta
1391 1212 1408 1239 ,
1456 1164 1652 1252 spinis
1704 1185 1775 1227 ac
1825 1164 2071 1229 tribulis
2110 1166 2338 1252 plena,
2388 1167 2646 1231 tandem

593 1271 990 1337 exustionem
1021 1268 1179 1357 ignis
1212 1292 1329 1358 pro
1360 1269 1575 1335 sructu
1614 1268 1913 1358 producit
1954 1292 2025 1336 ac
2057 1270 2489 1358 consequitur.
2534 1270 2651 1353 νβ

595 1377 821 1459 animae
845 1423 862 1450 ,
913 1375 965 1441 si
996 1396 1127 1465 n'on
1161 1374 1459 1457 habuerit
1497 1374 1847 1441 Dominum
1892 1396 2082 1455 suum
2124 1374 2445 1451 Christum
2482 1376 2550 1459 in
2584 1397 2654 1440 se

602 1472 1029 1546 habitantem!
1073 1477 1218 1567 quia
1243 1502 1391 1544 cum
1426 1479 1505 1546 sit
1540 1483 1823 1555 deserta,
1864 1502 1939 1546 ac
1972 1481 2197 1547 soetore
2236 1480 2651 1565 affectionum

613 1599 881 1663 scateat,
923 1586 1339 1651 diversorium
1371 1586 1586 1652 existit
1611 1587 1934 1653 vitiorum.

691 1693 797 1757 111.
854 1692 1413 1768 Quemadmodum
1447 1692 1618 1753 enim
1642 1691 1956 1753 ,colonum
1987 1736 2006 1762 ,
2043 1689 2093 1750 si
2130 1690 2434 1775 accingat
2471 1713 2536 1755 se
2577 1690 2660 1754 ad

604 1794 1013 1860 excolendam
1051 1806 1310 1862 terram,
1348 1801 1597 1874 oportet
1621 1791 2034 1851 instrumenta
2064 1801 2254 1873 atque
2287 1794 2665 1859 indumenta

606 1895 684 1956 ad
702 1897 1013 1957 culturam
1047 1894 1456 1955 accommoda
1475 1913 1725 1954 sumere
1755 1914 1771 1954 ε
1804 1893 1887 1955 ita
1908 1890 2221 1967 ChristuS,
2259 1917 2369 1958 rex
2393 1897 2495 1959 ille
2520 1921 2672 1962 coe-

602 1999 773 2064 lestis
803 2018 874 2059 ac
905 2017 1096 2059 verus
1139 1994 1412 2080 agricola
1432 2042 1447 2067 ,
1503 1993 1760 2059 veniens
1792 2000 1869 2059 ad
1902 1996 2246 2061 desolatam
2280 2022 2394 2086 per
2423 1999 2656 2067 vitium

605 2099 1100 2172 humanitatem,
1131 2108 1453 2184 assumpto
1482 2120 1784 2185 corpore,
1815 2121 1888 2163 ac
1915 2121 2029 2186 pro
2055 2099 2480 2165 instrumento
2504 2125 2651 2169 cru-

604 2226 745 2269 cem
781 2204 1141 2293 portand0,
1180 2203 1460 2269 excoluit
1504 2205 1782 2268 animam
1830 2205 2143 2269 desertam
2169 2254 2186 2278 ,
2226 2217 2290 2270 ct
2332 2229 2411 2271 ex
2442 2232 2513 2273 ea
2551 2211 2662 2275 de-

611 2313 842 2399 cerpsit
892 2310 1104 2397 spinas
1160 2322 1222 2375 et
1279 2308 1546 2373 tribulos
1588 2330 1931 2395 pravorum
1987 2307 2353 2396 spirituum,
2408 2324 2471 2377 et
2512 2315 2653 2378 lolia

607 2416 853 2506 peccati
894 2417 1152 2490 evulsit,
1188 2426 1374 2501 atque
1400 2434 1589 2478 omno
1624 2412 1865 2477 soenum
1901 2427 2314 2501 pcccatorum
2350 2417 2487 2505 ejus
2526 2419 2652 2508 igni

602 2522 1000 2587 combussit:
1037 2520 1447 2607 cumquo.sic
1495 2518 1879 2582 exercuisset
1934 2519 2103 2582 illam
2164 2520 2334 2608 ligno
2393 2523 2648 2599 crucis,

601 2626 906 2714 plantavit
955 2624 1019 2685 in
1068 2647 1139 2686 ea
1195 2623 1695 2708 pulcherrimum
1747 2625 2005 2687 hortum
2064 2623 2344 2712 Spiritus
2376 2677 2393 2702 ,
2453 2628 2653 2693 omnis

607 2727 854 2815 generis
896 2725 1335 2788 suavissimum
1390 2737 1454 2787 ct
1500 2726 1928 2811 gratissimum
1974 2727 2257 2794 fructum
2304 2731 2441 2796 Deo
2486 2734 2654 2796 velut

605 2830 889 2896 Domino
922 2826 1403 2915 producentem.

691 2935 792 3000 IV.
851 2933 929 2995 Et
968 2930 1132 2993 sicut
1167 2930 1230 2993 in
1274 2931 1584 3019 AEgyptO,
1640 2933 1868 2998 triduis
1924 2936 2204 3002 tenebris
2246 2938 2424 3002 sactis
2457 2985 2475 3009 ,
2523 2961 2655 3003 non

615 3037 876 3103 videbat
909 3034 1076 3098 filius
1103 3049 1349 3123 patrem
1373 3087 1389 3111 ,
1417 3059 1538 3101 nec
1570 3038 1764 3103 srater
1793 3039 2053 3105 fratrem
2073 3091 2089 3116 ,
2124 3065 2240 3107 nec
2274 3042 2508 3106 amicus
2532 3042 2659 3107 sin·
2730 3087 2749 3093 -

603 3165 822 3210 cerum
846 3165 916 3206 ac
951 3165 1326 3229 germanum
1354 3144 1630 3207 amicum
1655 3193 1672 3219 ,
1711 3147 1989 3211 tenebris
2016 3146 2455 3212 obvelantibus
2488 3171 2602 3214 eos
2628 3173 2647 3214 ε

605 3251 693 3315 sic
740 3259 1073 3338 postquam
1117 3248 1397 3311 Adamus
1433 3259 1853 3336 transgressus
1903 3265 1998 3318 est
2046 3253 2470 3330 mandatum,
2518 3267 2581 3319 et
2620 3277 2654 3319 a

591 3355 861 3445 pristina
888 3353 1084 3441 gloria
1115 3352 1382 3429 excidit,
1419 3374 1491 3416 ac
1517 3355 1762 3441 spiritui
1796 3360 2017 3423 mundi
2052 3359 2363 3423 obnoxius
2403 3371 2500 3423 est
2531 3358 2654 3423 sae·

600 3473 736 3533 tus,
785 3458 1095 3522 velamine
1142 3480 1394 3544 quoque
1439 3461 1850 3526 tenebrarum
1903 3464 2196 3528 veniente
2251 3463 2314 3526 in
2368 3464 2661 3528 animam

608 3564 788 3653 ejus,
830 3563 1022 3651 ipsius
1067 3565 1285 3654 culpa,
1326 3568 1424 3630 vel
1462 3590 1664 3654 usque
1711 3571 1790 3634 ad
1845 3581 2240 3656 postremum
2290 3569 2647 3644 Adamum,

606 3691 835 3756 nempe
867 3667 1211 3732 Dominum
1234 3719 1250 3745 ,
1293 3693 1422 3735 non
1451 3672 1711 3737 videbat
1750 3695 1974 3737 verum
2006 3687 2262 3764 patrem
2296 3657 2620 3738 coelestem
2643 3721 2662 3747 ,

606 3777 848 3841 bonam
875 3795 948 3838 ac
966 3774 1302 3864 benignam
1327 3791 1630 3853 matrem,
1660 3779 1926 3865 gratiam
1960 3781 2237 3869 Spiritus
2254 3805 2272 3856 3
2306 3781 2560 3845 dulcem
2593 3801 2666 3845 ac

605 3882 1035 3948 desideratum
1076 3882 1334 3950 fratrem
1364 3932 1382 3962 ,
1426 3883 1824 3960 Dominum3
1887 3886 2124 3952 amicos
2172 3900 2238 3953 et
2280 3908 2657 3975 germanos,
2712 3953 2721 3962 ,Ἴ

597 3979 848 4057 taneto·
923 3987 1234 4076 Angelos.
1296 3977 1678 4076 quibuscum
1749 3985 2062 4079 gaudebat
2122 3987 2525 4079 tripudians,
2598 3984 2665 4052 st
