2982 4885
1212 593 1451 640 ancum
1503 596 1548 640 1.
2279 573 2413 656 453

1199 796 1468 865 CAPUT
1511 796 1587 867 V.

377 1014 741 1081 Macamus
788 1007 983 1078 davit
1027 1032 1049 1075 .·
1108 1005 1442 1098 Qualiter
1479 1004 1851 1104 spirituale
1882 1006 2292 1076 exercitium
2323 1005 2417 1075 ab

672 1120 784 1191 his
806 1175 826 1206 ,
885 1126 1009 1219 qai
1038 1135 1371 1220 praesunt
1409 1118 1738 1217 patribus
1791 1135 2131 1190 teneatur.

467 1333 788 1413 Quoniam
814 1332 1082 1398 fratrum
1113 1330 1379 1419 insignia
1413 1329 1720 1394 virtutum
1741 1376 1760 1404 ,
1797 1328 2223 1396 habitationes
2259 1352 2424 1417 quo-

381 1460 539 1524 que,
564 1440 666 1502 vel
692 1438 1055 1503 obedientia
1088 1437 1378 1524 superius
1408 1435 1766 1524 conscripta
1793 1447 1978 1509 sunt3
2014 1457 2186 1500 nunc
2216 1435 2426 1522 quali-

383 1551 480 1603 ter
531 1541 851 1626 spirituale
890 1540 1260 1605 exercitium
1306 1541 1384 1605 ab
1432 1540 1561 1615 his,
1612 1539 1719 1627 qui
1769 1552 2050 1627 praesunt
2071 1589 2088 1614 ,
2135 1538 2426 1625 patribus

382 1654 705 1718 teneatur,
744 1645 878 1710 Deo
911 1643 1170 1731 juvante
1193 1694 1210 1719 ,
1249 1647 1677 1710 ostendamus.
1720 1644 1980 1711 Debetis
2009 1643 2117 1731 qui
2149 1642 2429 1732 praeestis

323 1821 332 1829 ‚
386 1760 596 1837 patres
611 1796 629 1824 ,
662 1751 816 1814 tales
839 1772 949 1814 vos
973 1750 1275 1815 exhibere
1294 1800 1312 1826 ‚
1334 1763 1403 1815 ut
1425 1751 1767 1839 Apostolus
1785 1750 1871 1816 ait
1900 1772 1916 1814 :
1941 1776 1966 1809 ι
1982 1750 2200 1815 Estote
2228 1748 2432 1815 forma

385 1884 409 1914 ι
431 1855 835 1920 credentibus
852 1853 871 1887 ¹
902 1878 917 1920 ε
947 1884 971 1917 »
992 1855 1113 1920 hoc
1146 1869 1264 1929 est,
1289 1868 1362 1921 ut
1385 1879 1502 1944 per
1532 1856 1902 1944 qualitatem
1927 1856 2213 1943 mysticae
2236 1855 2433 1944 pieta-

386 1960 464 2026 tis
493 1972 558 2026 et
595 1960 977 2034 severitatis,
1012 1962 1279 2025 fratrum
1322 1959 1567 2055 animos
1604 1962 1685 2026 ad
1731 1960 2012 2026 coelestia
2045 1961 2124 2025 de
2165 1958 2432 2029 terrenis

387 2066 638 2155 erigatis
658 2116 675 2142 ,
724 2066 975 2132 dicente
1013 2066 1320 2155 Apostolo
1349 2088 1364 2130 ε
1419 2093 1444 2126 ι
1466 2067 1681 2156 Argue
1700 2115 1718 2141 ‚
1766 2068 2030 2131 obsecra
2050 2114 2070 2141 ,
2130 2065 2426 2154 increpa,

388 2193 582 2237 »cum
620 2172 794 2236 omni
840 2171 1136 2259 patientia
1170 2184 1238 2261 et
1277 2171 1561 2236 doctrina
1584 2171 1631 2235 ².
1680 2198 1703 2231 ι
1728 2171 1808 2235 Et
1840 2170 1962 2235 alio
1994 2171 2139 2234 loco
2173 2170 2424 2257 inquit:

408 2303 433 2335 ι
451 2276 626 2354 Quid
646 2276 833 2339 vultis
850 2275 953 2337 i’in
970 2275 1143 2361 virga
1165 2274 1412 2337 veniam
1430 2276 1511 2337 ad
1523 2296 1633 2337 vos
1649 2320 1667 2346 ,
1696 2295 1775 2337 an
1800 2273 1864 2338 in
1897 2273 2120 2358 spiritu
2144 2296 2436 2340 mansue·

388 2405 415 2438 s
435 2376 669 2442 tudinis
688 2375 707 2408 ³
734 2376 764 2438 ἶ)
790 2404 813 2434 ι
847 2377 1334 2440 Decernendum
1360 2385 1456 2438 est
1481 2375 1691 2439 abillo
1717 2374 1825 2461 qui
1865 2386 2091 2461 praeest
2109 2421 2127 2447 ,
2163 2377 2434 2460 qualiter

388 2483 560 2550 circa
596 2483 874 2569 singulos
906 2480 1136 2547 debeat
1158 2478 1407 2566 pietatis
1440 2478 1742 2544 affectum
1768 2489 2148 2554 monstrare,
2173 2489 2239 2543 et
2274 2501 2436 2566 qua-

390 2588 535 2653 liter
555 2599 774 2653 tenere
799 2586 1027 2651 debeat
1049 2585 1478 2671 disciplinam,
1513 2605 1641 2649 non
1670 2587 2008 2650 immemor
2037 2583 2293 2651 Domini
2335 2584 2436 2651 di-

395 2691 596 2755 centis
620 2713 636 2753 :
661 2716 686 2749 ι
708 2689 917 2777 ln’qua
933 2711 1235 2766 mensura,
1249 2689 1451 2755 mensi
1472 2688 1737 2764 fueritis,
1755 2687 2123 2753 remetietur
2136 2687 2376 2755 vobis&
2393 2713 2422 2750 n

1112 2913 1115 2916 >
1201 2895 1468 2994 cApuT
1519 2894 1619 2961 v1.

460 3099 656 3169 Idem
687 3102 837 3194 ipse
871 3121 893 3163 .·
946 3099 1013 3164 U
1011 3109 1043 3164 t
1067 3100 1140 3168 in
1171 3096 1486 3165 emtione
1518 3091 1914 3165 astantibus
1952 3094 2206 3165 nullus*
2226 3100 2378 3165 sine

677 3225 1047 3306 proecepto
1080 3206 1359 3278 abbatis
1392 3206 1762 3278 Psalmum
1799 3212 2146 3302 Imponat.

492 3425 860 3500 Astantibus
879 3445 1031 3509 ergo
1053 3426 1132 3486 ad
1155 3424 1510 3487 orationem
1531 3426 1746 3489 nullus
1770 3431 2112 3509 praesumat
2135 3418 2269 3484 sine
2290 3441 2448 3508 pre-

404 3545 590 3620 copto
615 3530 721 3617 qui
749 3537 973 3616 praecst
995 3546 1070 3610 pa
1080 3523 1468 3597 tris‚·Psalmi
1505 3528 1758 3588 laudem
1782 3524 2091 3589 emittere.
2129 3521 2305 3587 Ordo
2329 3523 2446 3589 iste

408 3647 722 3705 teneatur,
763 3645 836 3696 ut
871 3629 1081 3693 nullus
1110 3625 1386 3715 priorem
1411 3625 1474 3692 in
1507 3626 1890 3690 monasterio
1915 3629 1995 3692 ad
2020 3627 2312 3690 standum
2349 3629 2451 3692 vel

409 3738 802 3825 psallendum
861 3731 1083 3797 ordine
1125 3713 1466 3819 praesumat
1509 3729 1922 3818 praecedere„
1959 3730 2211 3796 dicente
2266 3729 2450 3796 Salo-

410 3862 601 3907 mone
628 3860 646 3904 :
682 3865 707 3897 «
731 3837 849 3910 Fili
876 3885 891 3909 .
918 3835 1258 3923 primatum
1285 3835 1738 3925 concupiscere
1764 3833 1929 3899 noli‘
1957 3859 1976 3908 ς
2012 3833 2230 3922 Neque
2261 3857 2447 3900 accu-

485 3992 496 4013 ·
534 3994 553 4025 ι
581 3976 747 4025 Tho-ss.
773 3992 808 4032 ι,
830 3992 939 4036 7.-
966 3987 985 4010 ·
1015 3989 1041 4022 a
1067 3972 1193 4021 Tim.
1225 3989 1290 4023 ιν.
1314 3989 1418 4020 2.·-
1448 3976 1469 4009 ⁸
1501 3990 1518 4021 ι
1540 3974 1656 4022 Cor.
1681 3988 1750 4028 w,
1773 3985 1924 4020 at.-—
1958 3974 1979 4012 ⁴
2005 3969 2180 4021 Matuh.
2211 3986 2298 4026 vu.
2321 3987 2365 4020 a.
2387 3995 2450 4009 -

416 4065 437 4095 ⁸
463 4058 611 4108 Paccii.
641 4073 730 4114 vu,
751 4058 801 4112 4.

1274 4663 1283 4670 ⁶
1306 4636 1485 4672 μ...ιγ-’,ιαοιῖ-’ἱ
1515 4661 1520 4666 κ
1555 4661 1561 4668 ι
1581 4644 1612 4668 „f
1875 4656 1904 4665 n·
2275 4543 2381 4663 ἒ

2093 4753 2102 4762 ι
