2982 4885
861 558 1045 610 usna
1088 563 1169 608 na
1218 559 1587 608 sanamus.
2126 537 2166 606 5
2175 538 2259 619 41'

294 767 549 820 Lxxllt.
592 764 909 818 uAEnsssts
943 763 1036 815 DB
1071 762 1309 814 FALSlS
1342 758 1733 814 moranus
1769 757 1911 809 nsso
1943 758 2173 813 omna

924 860 1117 911 uALA
1155 859 1555 912 asculum&

303 1038 462 1103 Αιιι
498 1014 595 1101 est
628 1034 917 1109 haeresis,
952 1057 1092 1121 quae
1123 1033 1277 1100 dicit
1308 1036 1508 1099 malos
1542 1055 1721 1121 reges
1749 1045 1815 1098 et
1832 1035 2253 1123 pseudo-pro-

216 1142 437 1231 phetas
468 1158 596 1206 non
634 1163 668 1205 a
709 1163 820 1205 sua
852 1140 1068 1235 venire
1087 1189 1105 1215 ,
1138 1151 1204 1205 et
1243 1138 1381 1234 fieri
1409 1140 1765 1212 voluntate.
1793 1139 1905 1203 sed
1946 1161 1979 1202 a
2009 1139 2125 1215 Dei
2147 1161 2256 1206 eos

217 1246 494 1334 jussione
522 1243 753 1319 emitti,
780 1243 1077 1334 ignorans
1101 1244 1274 1331 quod
1293 1265 1420 1308 non
1440 1265 1473 1307 a
1502 1242 1639 1308 Deo
1673 1244 1813 1309 illos
1826 1241 1964 1309 fieri
1981 1245 2260 1332 pseudo-

221 1351 557 1439 prophetas
588 1398 607 1424 ,
653 1360 761 1414 aut
807 1350 1004 1413 malos
1047 1369 1226 1437 reges
1269 1346 1615 1436 Scripturae
1667 1349 2050 1414 annuntiant
2079 1398 2097 1425 ,
2149 1350 2263 1415 sed

223 1468 443 1519 contra
462 1455 578 1520 Dei
603 1446 1020 1528 voluntatem,
1036 1475 1148 1518 sua
1166 1454 1493 1518 voluntate
1515 1465 1580 1518 et
1604 1453 1848 1518 inimici
1872 1453 2269 1541 suggestione

224 1561 313 1625 sic
339 1581 448 1622 eos
479 1557 774 1622 advenire
800 1558 1153 1632 declarant,
1179 1570 1251 1622 ut
1271 1557 1310 1622 J
1317 1580 1534 1624 amnes
1565 1572 1631 1625 et
1655 1559 1971 1624 Mambres
1989 1557 2009 1591 ¹
2048 1570 2271 1625 contra

224 1665 439 1730 Mosen
470 1673 535 1727 et
570 1661 787 1728 Aaron
824 1663 1189 1727 sacerdotes
1217 1661 1333 1728 Dei
1364 1663 1482 1728 sub
1514 1663 1881 1738 Pharaone,
1922 1685 2033 1727 sua
2072 1684 2269 1728 vene-

227 1783 368 1834 rant
395 1771 724 1837 voluntate
751 1788 768 1830 ε
803 1789 955 1832 cum
984 1768 1157 1833 dicat
1183 1767 1519 1856 Scriptura
1548 1792 1565 1833 t
1606 1797 1632 1829 ι
1663 1770 2108 1857 Regnaverant
2141 1790 2272 1837 non

230 1903 255 1934 ι»
273 1897 387 1964 per
417 1896 556 1950 me,
591 1895 957 1961 neque‘per
988 1871 1294 1962 Spiritum
1326 1896 1543 1938 meum
1567 1922 1585 1948 ,
1632 1874 1787 1938 dicit
1816 1873 2124 1939 Dominus
2145 1873 2192 1940 ².
2231 1903 2258 1937 ι

230 1982 311 2049 Et
335 1984 410 2046 de
436 1970 1032 2069 pseudo-prophetis
1059 1979 1141 2044 ita
1166 2002 1182 2044 ε
1205 1979 1397 2045 «Haec
1422 1979 1577 2045 dicit
1597 1979 1945 2045 Dominus:
1970 1979 2112 2046 Non
2137 1982 2278 2048 illos

232 2088 646 2161 amittebam,
681 2097 747 2151 et
801 2085 892 2151 illi
927 2084 1106 2150 ibant
1147 2084 1214 2150 in
1249 2084 1508 2149 nomine
1548 2106 1691 2148 meo
1744 2084 2125 2173 prophetare
2147 2085 2193 2151 ⁸.
2233 2114 2261 2149 s

233 2192 496 2278 Propter
520 2192 694 2277 quod
714 2190 909 2254 etiam
937 2203 1160 2254 contra
1184 2189 1324 2254 illos
1354 2212 1520 2275 saepe
1543 2189 1768 2254 mortis
1790 2189 1856 2253 in
1884 2189 2010 2255 hoc
2033 2193 2278 2258 mundo

238 2296 617 2381 condignam
645 2292 960 2356 Dominus
983 2292 1258 2355 dicernit
1282 2291 1663 2355 sententiam
1701 2293 2113 2358 enuntiando·
2145 2295 2287 2360 Non

242 2412 389 2467 sunt
413 2399 625 2484 itaque
644 2418 677 2461 a
692 2396 827 2461 Deo
843 2393 1439 2484 pseudo-prophetie
1462 2393 1663 2469 missi,
1689 2416 1896 2481 neque
1911 2417 2088 2483 reges
2107 2397 2285 2487 impii

243 2504 612 2571 recedentes
644 2524 676 2567 a
708 2500 1012 2576 Domino,
1039 2502 1154 2565 sed
1183 2511 1248 2563 et
1269 2499 1320 2563 si
1348 2500 1709 2566 excitantur
1732 2501 1881 2565 mali
1913 2515 2135 2568 contra
2156 2526 2286 2571 ma·

245 2613 339 2676 los
388 2610 708 2673 interdum
745 2605 1106 2670 dimittente
1149 2605 1466 2680 Domino,
1515 2605 1641 2669 hoc
1685 2605 1963 2693 gignitur
2001 2621 2072 2673 ut
2104 2611 2286 2677 malis

249 2716 399 2781 mali
438 2722 1004 2797 consummantur:
1055 2710 1204 2775 boni
1247 2710 1418 2775 enim
1468 2710 1847 2776 sustinentes
1897 2715 2289 2800 persecutio-

249 2843 422 2889 nem.
449 2831 509 2882 et
529 2816 835 2904 justitiam
861 2816 1167 2881 habentes
1193 2817 1362 2903 apud
1384 2814 1755 2890 Dominum,
1784 2818 2288 2905 repensationem

251 2945 545 3011 magnam
573 2921 768 2986 futuri
797 2932 1134 3009 expectant
1162 2920 1418 3009 praemii.
1451 2919 1598 2984 Mali
1617 2931 1827 2985 autem
1860 2920 2002 2986 ideo
2025 2944 2058 2987 a
2082 2923 2288 2998 malis,

254 3051 378 3094 nou
415 3030 619 3091 solum
650 3026 834 3091 bonis
868 3027 1192 3092 interdum
1223 3025 1652 3115 perimuntur,
1688 3037 1759 3090 ut
1789 3025 2043 3093 illorum
2076 3028 2303 3115 iniqui·

259 3146 350 3197 tas
385 3133 573 3196 etiam
600 3132 662 3197 iu
687 3132 810 3197 hoc
835 3133 1072 3197 saeculo
1085 3155 1164 3196 ex
1187 3144 1368 3221 parte
1406 3131 1725 3221 puniatur.

646 3338 883 3389 LXXIV.
929 3340 1239 3390 uAEREsls
1277 3341 1368 3390 DE
1398 3339 1650 3391 TERRAE
1690 3339 1907 3390 MOTU.

233 3527 250 3534 “
353 3518 578 3584 Tanna
612 3527 861 3580 motum
901 3513 1157 3580 haeresis
1186 3517 1476 3601 quaedam
1515 3538 1643 3580 non
1666 3517 1782 3581 Dei
1812 3514 2090 3604 jussione
2119 3528 2183 3581 et
2214 3515 2303 3584 in-

268 3623 630 3711 dignatione
668 3617 840 3692 fieri,
880 3620 993 3683 sed
1029 3629 1254 3684 natura
1303 3617 1434 3706 ipsa
1469 3620 1924 3685 elementorum
1968 3621 2299 3709 opinatur,

273 3748 419 3790 cum
451 3726 695 3812 ignoret
718 3723 870 3809 quid
892 3723 1059 3786 dicat
1083 3720 1410 3811 Scriptura
1440 3748 1453 3787 :
1498 3751 1522 3782 ι
1556 3722 1679 3802 Qui
1708 3727 2047 3813 conspicit,
2077 3729 2298 3814 inquit,

276 3841 590 3901 uertant,
623 3840 689 3891 et
728 3850 867 3892 eam
911 3841 1272 3892 commovet
1312 3840 1491 3892 terrae
1535 3842 1707 3892 motu
1740 3831 1780 3894 ³⁶.
1829 3860 1851 3888 a
1903 3832 1981 3897 Et
2027 3833 2301 3901 iterum:
2364 3843 2369 3850 '

352 4000 364 4021 ·
402 4001 427 4031 2
451 3985 577 4033 Tim.
610 3999 688 4044 m,
713 3982 758 4035 ἃ
785 4010 846 4022 -·
876 3998 894 4021 ·
927 3983 1066 4037 Osee.
1091 4002 1201 4048 vm,
1223 3986 1270 4047 4.
1299 4014 1355 4025 -—-
1382 3990 1403 4024 ⁸
1425 3987 1606 4041 Jereun.
1636 4004 1775 4047 nnn,
1808 3990 1865 4040 16
1889 4000 1936 4042 et
1962 4008 2037 4041 aa.
2059 4018 2119 4029 --
2145 3997 2165 4033 ⁴
2190 3992 2315 4045 Pul.

273 4081 376 4121 ειιι
401 4103 413 4124 ,
448 4065 536 4116 32.
