2982 4885
1211 501 1469 547 nonina
1517 472 1705 549 xxvuj
2355 507 2388 551 a
2405 510 2429 551 1
2445 480 2480 551 :3

446 615 526 683 de
557 640 717 706 pane
751 613 1012 698 visibili,
1052 617 1460 707 spiritualiter
1488 614 1581 704 56)
1620 642 1876 686 carnem
1914 617 2171 687 Domini
2211 643 2432 689 esuros
2459 602 2490 687 :¹

419 724 636 801 sitem,
677 722 1012 812 Apostolos
1053 735 1119 789 et
1165 722 1558 790 Christianos
1591 737 1994 813 suscepturos
2038 727 2478 803 Paracletum,

449 840 637 918 atque
659 826 1012 892 induendos
1045 827 1275 895 virtute
1303 852 1382 895 ex
1406 831 1532 895 alto
1560 877 1579 905 ,
1614 851 1689 895 ac
1721 831 2058 918 replendos
2086 831 2427 903 Divinitate
2462 855 2491 897 :-

448 933 951 1000 commiscendas
999 956 1254 1022 quoque
1300 934 1543 1001 animas
1583 956 1730 1002 cum
1770 933 2014 1026 Spiritu
2056 950 2296 1003 sancto.
2346 938 2484 1005 Hoc

446 1036 823 1128 ignorabant
853 1037 1185 1126 Prophetae
1229 1061 1299 1108 ac
1342 1062 1561 1128 reges,
1606 1056 1816 1126 neque
1859 1030 2231 1104 ascenderat
2270 1040 2334 1105 in
2373 1062 2488 1107 cor

448 1142 723 1211 illorum.
781 1142 964 1210 Nunc
1000 1144 1171 1210 enim
1216 1143 1558 1210 Christiani
1603 1143 1727 1209 alio
1774 1156 1967 1234 pacto
2014 1142 2370 1221 ditescunt,
2411 1167 2489 1212 ac

449 1247 761 1314 desiderio
804 1247 1139 1338 rapiuntur
1181 1248 1262 1315 ad
1297 1249 1746 1325 Divinitatem3
1793 1261 1857 1314 at
1893 1246 2047 1315 licet
2089 1239 2214 1334 hoc
2255 1242 2497 1337 gaudio

447 1363 514 1417 et
555 1336 988 1418 eonsolatione
1030 1353 1479 1445 perfruantur,
1531 1353 1763 1422 timore
1807 1365 2023 1420 tamen
2084 1375 2158 1423 ac
2209 1364 2490 1421 tremore

452 1454 929 1522 concutiuntur.

1097 1674 1102 1689 ¹
1215 1642 1767 1731 lunationum.

537 1862 770 1934 xv111.
827 1864 974 1949 Quo
998 1868 1240 1936 timore
1264 1892 1344 1935 ae
1378 1877 1713 1940 tremore?
1934 1864 1937 1871 ’
2479 1876 2496 1907 ⁸

1281 2087 1675 2147 ttssst’onstO.

541 2286 634 2355 Ne
666 2276 959 2353 aberrent
987 2291 1049 2354 in
1084 2280 1334 2376 aliquo,
1365 2290 1476 2355 sed
1517 2291 1909 2369 concordent
1945 2288 2179 2380 gratiae.
2206 2293 2492 2358 «Perinde

456 2413 528 2456 ac
555 2391 603 2456 si
637 2391 775 2479 quis
795 2440 813 2467 ,
843 2393 949 2478 qui
981 2392 1212 2457 habeat
1246 2391 1606 2466 thesauros,
1639 2405 1704 2456 et
1740 2391 2181 2479 proficiscatur
2210 2394 2291 2459 ad
2319 2393 2488 2470 loca,

457 2495 569 2560 ubi
594 2507 740 2561 sunt
771 2496 1079 2570 latrones,
1120 2494 1357 2583 gaudet
1380 2495 1637 2582 quidem
1664 2505 1924 2584 propter
1952 2517 2104 2582 opes
2140 2508 2202 2559 et
2234 2495 2496 2560 thesau-

457 2623 600 2664 rum
620 2646 636 2676 ,
667 2599 783 2664 sub
811 2612 985 2664 metu
1012 2599 1421 2664 nihilominus
1443 2612 1564 2676 est,
1584 2622 1664 2663 ne
1687 2597 2198 2687 supervenientes
2216 2600 2498 2667 latrones

459 2703 920 2798 depraedentur
925 2727 1026 2792 se,
1048 2717 1114 2771 et
1142 2704 1407 2796 perinde
1432 2715 1558 2777 est,
1586 2725 1660 2768 ac
1692 2702 1742 2767 si
1766 2715 1967 2791 gestet
1989 2703 2279 2768 manibus
2302 2723 2495 2770 suum

457 2811 784 2910 proprium
808 2833 1058 2900 corpus.
1090 2812 1257 2877 Ecce
1278 2809 1477 2885 enim,
1499 2813 1708 2897 quoad
1730 2832 1829 2883 ea,
1859 2832 1997 2897 quae
2022 2808 2222 2875 oculis
2246 2812 2491 2898 patent,

457 2939 677 2982 omnes
702 2914 1230 2991 renuntiavimus,
1274 2938 1346 2981 ac
1372 2938 1590 2980 sumus
1614 2914 1968 3003 peregrini,
2006 2927 2195 3001 atque
2226 2913 2490 3003 inopes,

454 3021 820 3109 carnalique
851 3020 1151 3087 societate
1174 3020 1437 3110 privati.
1467 3020 1678 3107 quoad
1705 3030 1928 3084 caetera
1956 3018 2133 3094 vide,
2161 3041 2391 3110 corpus
2415 3017 2499 3083 ad

439 3117 812 3192 ¹orationem
840 3129 1200 3215 propendet
1211 3152 1229 3202 3
1266 3127 1503 3191 debent
1532 3125 1757 3190 fratres
1788 3127 2113 3190 attendere
2133 3175 2148 3200 ,
2179 3148 2333 3190 num
2360 3145 2497 3189 cor-

437 3213 598 3323 ⁸&pori
621 3254 801 3298 mens
832 3254 1086 3320 quoque
1125 3245 1474 3299 consonet:
1506 3229 2047 3318 quemadmodum
2077 3229 2499 3318 utplurimum

433 3329 527 3404 'in
555 3340 799 3405 mundo
833 3338 1136 3413 artifices,
1173 3349 1362 3426 atque
1392 3335 1888 3402 architectorum
1913 3333 2233 3422 principes
2260 3331 2505 3402 habeut

462 3465 695 3534 corpus
725 3437 1113 3510 ‘devinctum
1165 3442 1243 3507 ad
1291 3447 1491 3505 artem
1511 3488 1528 3513 ,
1590 3439 1810 3505 itidem
1858 3439 1943 3502 et'
1968 3434 2250 3500 animum
2306 3449 2506 3502 noctu

327 3521 332 3524 Α
445 3543 720 3636 jdiuque.
751 3548 849 3615 Tu
873 3570 1023 3636 ergo
1058 3545 1378 3634 perpende
1409 3554 1472 3605 te
1505 3542 1745 3628 ipsum,
1787 3540 1895 3628 qui
1924 3538 2122 3605 habes
2153 3560 2507 3627 corpuspe-

449 3653 788 3738 regrinum
822 3655 899 3719 ab
935 3653 1058 3719 hoe
1098 3648 1365 3723 mundo,
1393 3668 1550 3711 num
1573 3645 1764 3710 etiam
1795 3646 2030 3712 habeas
2056 3657 2335 3708 mentem
2364 3644 2512 3734 alie}

473 3772 623 3816 nam
655 3755 732 3817 ab
763 3757 888 3819 hoc
927 3760 1194 3830 saeculo,
1234 3776 1308 3821 ac
1347 3776 1476 3822 non
1515 3748 2047 3840 occupationibus
2089 3745 2311 3813 mundi
2344 3745 2514 3814 deti-

474 3853 725 3920 nearis?
748 3857 1029 3934 Quilibet
1053 3860 1220 3924 enim
1245 3857 1587 3932 saecularis,
1616 3853 1744 3922 sive
1768 3854 1982 3927 miles,
2011 3854 2141 3919 sive
2171 3843 2515 3930 mercator,

474 3960 591 4027 ubi
623 3981 855 4051 corpus
887 3960 1115 4044 habet,
1148 3965 1243 4032 ibi
1288 3987 1543 4055 quoque
1574 3962 1769 4033 habet
1799 3973 2081 4031 mentem
2105 3953 2475 4032 'devinctam
2495 4008 2517 4038 ,
