2982 4885
627 505 752 572 108
1298 526 1347 568 s.
1401 523 1666 572 ιιιοιιιιι
1711 525 1984 572 ,terrm

711 643 814 713 1v.
869 643 976 709 Sic
1009 662 1264 732 quoque
1295 641 1606 719 animam,
1651 666 1792 733 quas
1819 667 1933 734 per
1959 617 2225 732 gratiam
2263 644 2470 711 Deum
2506 667 2664 737 cog-

622 751 864 831 noscit,
895 747 1171 838 Spiritus
1205 749 1549 813 admonet:
1588 770 1726 835 quae
1750 746 2084 841 purificata
2105 747 2366 836 quidem
2392 771 2429 816 a
2459 750 2664 838 pristi-

621 857 717 922 nis
759 854 1074 945 peccatis,
1116 866 1182 919 et
1233 853 1507 941 Spiritus
1537 854 1736 921 sancti
1778 853 2173 921 ornamentis
2217 856 2548 931 decorata,
2589 879 2662 923 ac

619 962 934 1051 particeps
972 960 1136 1028 sacta
1167 960 1363 1026 divini
1404 983 1479 1026 ac
1507 962 1784 1027 coelestis
1809 962 1975 1036 cibi3
2007 961 2219 1027 minus
2250 984 2398 1027 vero
2428 964 2664 1029 decen-

618 1080 718 1136 ter
755 1067 820 1132 in
851 1068 1049 1133 multa
1089 1066 1448 1154 cognitione
1489 1081 1767 1143 versata,
1812 1090 1931 1133 nec
1976 1067 2428 1134 convenienter
2474 1068 2665 1134 debi-

622 1185 753 1239 tam
793 1170 1031 1238 coelesti
1062 1169 1310 1260 Sponso
1352 1169 1607 1238 Christo
1632 1172 2141 1240 benevolentiam
2173 1186 2238 1240 et
2262 1171 2664 1239 dilectionem

620 1298 1000 1343 conservans
1027 1324 1046 1352 ,
1098 1275 1437 1366 projicitur
1481 1289 1547 1342 et
1592 1278 1955 1345 detruditur
2004 1301 2039 1343 a
2089 1279 2211 1345 vita
2239 1328 2256 1356 ,
2309 1278 2492 1367 cujus
2532 1290 2670 1345 erat

624 1381 938 1472 particeps
983 1380 1169 1448 facta.
1224 1377 1404 1464 Valet
1442 1403 1720 1469 namque
1751 1381 2016 1448 Satanas
2047 1385 2145 1449 vel
2191 1386 2489 1450 adversus
2525 1405 2672 1463 eos,

624 1485 735 1576 qui
765 1489 847 1553 ad
894 1488 1010 1553 hos
1048 1485 1282 1576 gradus
1314 1499 1779 1575 pervenerunt,
1831 1487 2156 1578 insurgere
2202 1502 2269 1555 et
2298 1488 2565 1564 elevari3
2604 1500 2674 1554 et

629 1595 927 1660 adversus
952 1616 1094 1670 eos,
1119 1592 1229 1681 qui
1264 1592 1469 1658 Deum
1504 1592 1568 1660 in
1608 1594 1807 1683 gratia
1835 1607 1901 1661 et
1924 1595 2157 1663 virtute
2188 1601 2622 1684 cognoverunt
2647 1641 2666 1667 ,

629 1698 840 1764 adhuc
878 1697 1157 1784 nequitia
1197 1696 1505 1783 insurgit,
1557 1720 1629 1763 ac
1666 1712 1937 1778 conatur
1970 1723 2079 1764 eos
2111 1701 2470 1765 deturbare.
2511 1696 2675 1764 Cou-

627 1802 1018 1866 tendendum
1060 1797 1249 1885 igitur
1292 1819 1366 1862 ac
1404 1800 1758 1884 prudenter
1803 1803 2158 1865 cavendum
2202 1823 2458 1886 quoque
2490 1802 2680 1867 nobis

629 1918 749 1979 est,
770 1930 795 1962 ι
813 1904 895 1969 Ut
912 1923 1061 1967 cum
1078 1879 1306 1967 timui-0
1323 1913 1608 1967 nostram
1622 1902 1907 1990 ipsorum
1924 1905 2189 1969 salutem
2213 1901 2585 1990 operemur-¹
2601 1951 2621 1979 ,
2637 1931 2665 1964 ι

630 2023 700 2076 ut
756 2008 1058 2095 scriptum
1114 2018 1230 2072 est.
1302 2004 1714 2094 Quicumque
1765 2007 1958 2097 igitur
2016 2008 2356 2101 participes
2406 2006 2679 2097 Spiritus

632 2113 867 2181 Christi
891 2111 1039 2177 sacti
1070 2109 1223 2176 estis
1242 2159 1262 2188 ,
1298 2111 1363 2176 in
1381 2113 1556 2178 nulla
1578 2125 1681 2185 re.
1715 2113 1845 2180 sive
1866 2137 2059 2204 parva
2082 2113 2212 2181 sive
2235 2127 2466 2202 magna
2484 2163 2501 2190 ,
2520 2135 2677 2180 con-

630 2216 926 2306 temptim
960 2216 1045 2283 ita
1079 2216 1218 2283 sitis
1243 2216 1455 2284 animo
1484 2217 1794 2308 dispositi,
1823 2232 1896 2287 ut
1917 2220 2055 2287 haec
2076 2219 2540 2294 condemnatis,
2559 2231 2677 2283 'ne-

631 2345 756 2414 quo
787 2324 1052 2416 gratiam
1089 2321 1364 2415 Spiritus
1392 2325 1784 2392 contumelia
1817 2324 2143 2401 afficiatis,
2190 2348 2273 2392 ne
2300 2325 2427 2394 vita
2468 2322 2672 2414 privo·-

632 2428 827 2507 mini,
862 2428 1049 2518 cujus
1080 2428 1427 2520 participes
1455 2427 1608 2499 facti
1639 2431 1849 2523 eratis.

722 2536 796 2604 V.
851 2535 989 2603 Hoc
1014 2535 1224 2626 ipsum
1248 2538 1460 2603 denno
1478 2536 1543 2601 in
1564 2537 1681 2602 alia
1701 2560 1971 2624 persona
1989 2538 2222 2605 dicam.
2250 2534 2675 2616 Quemadmo-

628 2645 780 2710 dum
825 2663 1040 2705 servus
1090 2640 1394 2726 palatium
1416 2638 1673 2723 aliquod
1725 2638 2078 2725 ingressus,
2138 2651 2210 2704 ut
2271 2650 2505 2706 tractet
2531 2659 2678 2703 vasa

633 2743 999 2817 ministerii,
1036 2764 1115 2806 ex
1136 2741 1323 2828 regiis
1347 2740 1532 2803 bonis
1556 2738 1786 2814 sumit,
1825 2741 2034 2804 nudus
2067 2740 2378 2829 cumipse
2405 2742 2673 2815 venerit,

636 2861 827 2937 atque
859 2845 923 2911 in
954 2843 1104 2933 ipsis
1134 2842 1413 2914 vasibus,
1452 2863 1593 2927 quae
1625 2851 1775 2905 sunt
1804 2841 1991 2929 regis,
2018 2841 2335 2909 ministrat
2363 2845 2515 2932 regi.
2542 2844 2687 2910 Cae-

634 2968 844 3021 terum
872 2950 979 3016 hic
1002 2968 1228 3035 magna
1255 2944 1591 3033 prudentia
1615 2967 1691 3010 ac
1713 2943 1956 3032 judicio
1976 2967 2136 3035 opus
2169 2955 2303 3021 est,
2337 2968 2421 3012 ne
2450 2957 2687 3032 praeter

638 3063 944 3127 decorum
978 3052 1132 3141 quid
1162 3049 1484 3118 ministret
1502 3100 1519 3124 ,
1555 3049 1675 3116 alia
1708 3071 1824 3139 pro
1851 3049 1986 3115 aliis
2014 3052 2336 3129 esculenta
2359 3072 2686 3139 apponens

639 3163 826 3252 regiae
862 3180 1098 3224 mensoe
1128 3206 1147 3234 ,
1196 3157 1307 3222 sed
1338 3162 1448 3230 ut,
1494 3154 1718 3222 ordine
1749 3168 2028 3229 servato.
2079 3155 2285 3244 prima
2316 3168 2503 3244 atque
2544 3179 2686 3246 pos·

637 3282 838 3336 trema
870 3274 1143 3356 apponat
1177 3260 1435 3327 cibaria.
1476 3259 1588 3324 Sin
1620 3282 1768 3326 vero
1801 3282 1878 3327 ex
1915 3260 2274 3350 ignorantia
2298 3310 2317 3336 ,
2359 3284 2433 3329 ac
2462 3259 2683 3349 judicii

642 3372 895 3440 defectu
925 3393 1051 3435 non
1076 3367 1252 3455 juxta
1283 3365 1576 3429 ordinem
1607 3363 1739 3453 regi
1771 3364 2122 3441 ministret,
2158 3367 2473 3455 periculo,
2507 3387 2688 3432 mor-

644 3476 819 3565 tique
849 3474 1164 3541 obnoxius
1201 3469 1312 3535 fit:
1352 3469 1441 3535 sic
1479 3482 1545 3536 et
1577 3469 1810 3546 anima,
1842 3493 1983 3559 quae
2020 3469 2084 3535 in
2115 3471 2312 3558 gratia
2343 3482 2407 3535 et
2439 3467 2683 3556 Spiritu

641 3579 1063 3649 ministerium
1102 3577 1239 3643 Deo
1269 3574 1528 3640 exhibet
1551 3624 1568 3650 ,
1627 3588 1931 3642 accurato
1959 3574 2200 3662 judicio
2230 3584 2297 3638 et
2327 3570 2686 3659 cognitione

641 3686 918 3776 indiget,
947 3706 1026 3749 ne
1057 3680 1212 3770 quid
1240 3681 1495 3747 aberret
1526 3680 1590 3746 in
1616 3681 1871 3747 vasibus
1897 3676 2161 3755 divinis,
2199 3687 2310 3741 aut
2339 3674 2685 3754 ministerio

644 3791 949 3886 spirituali
966 3840 985 3865 ,
1010 3786 1333 3880 propriam
1357 3789 1613 3855 volunta
1624 3799 1772 3862 tem,
1804 3806 1932 3850 non
1957 3795 2420 3870 congruentem
2441 3783 2681 3874 gratiae,
2703 3829 2718 3837 -

641 3900 901 3969 habens.
958 3896 1138 3964 Licet
1184 3893 1355 3962 enim
1380 3943 1397 3969 ,
1460 3905 1533 3959 ut
1574 3891 1794 3979 utiq'ue
1829 3887 1894 3955 in
1942 3885 2296 3954 ministerio
2335 3888 2682 3977 spirituali,

715 4050 730 4077 ι
761 4035 940 4100 Philip.
967 4050 1018 4088 n.
1046 4048 1123 4084 u.
