2982 4885
1171 592 1426 645 ποιιιιιι
1475 592 1664 671 mu.
2092 666 2099 673 Ι
2222 664 2228 669 ,
2303 598 2428 647 211

1146 838 1703 891 ιΝΤΕιιιιοοΛΤιο.
1786 868 1789 873 -

491 1063 660 1137 XIV.
696 1063 850 1144 Qua
865 1065 1128 1129 ratione
1142 1060 1310 1129 dicit
1330 1064 1725 1148 Apostolum
1749 1060 1858 1127 «si
1884 1062 2173 1129 habuero
2191 1068 2446 1132 omnem

408 1194 433 1229 ι
458 1169 810 1243 scientiam,
833 1180 914 1233 et
933 1159 1190 1234 omnem
1224 1168 1650 1257 prophetiam,
1686 1184 1761 1233 ac
1789 1156 2027 1303 loquar
2065 1167 2299 1259 linguis
2328 1164 2456 1239 mi-

413 1275 791 1362 »gelon-um,
827 1273 989 1341 nihil
1016 1274 1226 1341 sum¹9
1268 1300 1293 1335 ι

1236 1514 1497 1566 nsssPoN
1507 1508 1633 1568 810.

2418 1694 2427 1703 .

2368 1706 2425 1729 ‘an-s

500 1724 693 1816 Non
673 1759 759 1813 lta
770 1708 1098 1812 dehemus
1130 1712 1410 1835 opinari,
1436 1732 1613 1833 quasi
1638 1696 1796 1812 hihi]
1829 1746 1910 1813 sit
1932 1747 2319 1836 Apostolus
2346 1751 2460 1823 sod

408 1856 620 1945 quoad
656 1846 827 1919 illam
870 1850 1286 1928 charitatem,
1321 1873 1462 1947 quas³
1491 1863 1588 1916 est
1632 1851 1946 1941 perfecta,
1995 1848 2134 1921 haec
2163 1866 2300 1921 esse
2330 1856 2457 1925 oxi-

405 1985 581 2061 gua.
620 1974 684 2026 et
714 1983 906 2037 eum,
947 1958 1063 2047 qui
1088 1958 1280 2024 hosce
1308 1960 1541 2047 gradus
1573 1962 1845 2050 adeptus
1888 1973 2020 2037 est,
2061 1962 2191 2031 labi
2214 1986 2450 2051 posse.

406 2067 514 2161 qui
563 2090 713 2132 vero
759 2052 1131 2165 charitatem
1166 2060 1512 2139 hahuerit,
1562 2067 1795 2153 cadere
1843 2066 2085 2156 nequit.
2126 2066 2263 2156 Ego
2307 2090 2457 2143 vero

406 2162 523 2255 tibi
550 2166 695 2237 dico
729 2160 833 2235 me
856 2158 1086 2236 vidisse
1115 2168 1283 2232 viros
1311 2152 1610 2234 omnihus
1646 2150 1834 2237 donis
1862 2173 2452 2249 :acaccumulatom

407 2264 674 2363 Spiritus
711 2273 1047 2363 participes
1087 2270 1323 2343 factos,
1363 2271 1513 2355 qui,
1553 2293 1703 2341 cum
1734 2295 1862 2341 non
1903 2275 2341 2361 pervenissent
2372 2279 2456 2344 ad

406 2376 758 2468 perfectam
787 2373 1198 2446 charitatem,
1235 2371 1393 2458 lapsi
1426 2383 1592 2435 sunt.
1640 2354 1923 2450 Quidam
1956 2379 2127 2441 enim
2152 2402 2187 2442 e
2220 2380 2456 2447 nobili-

406 2489 569 2558 bus,
613 2504 761 2548 cum
791 2476 1212 2544 renuntiasset
1249 2475 1554 2554 terrenis,
1597 2477 1883 2543 vendidit
1913 2479 2087 2546 bona
2131 2505 2281 2559 sua,
2318 2508 2455 2551 ser-

408 2611 521 2659 vos
552 2586 844 2655 libertate
878 2582 1169 2658 donavit,
1197 2583 1474 2670 prudens
1508 2583 1766 2669 quidem
1805 2604 1877 2649 ac
1909 2584 2135 2652 sohriae
2172 2591 2404 2658 mentis
2426 2640 2449 2670 ‚

412 2694 796 2792 percelebris
828 2688 1060 2780 alioqui
1093 2688 1174 2782 oh
1213 2688 1546 2753 honestam
1574 2688 1824 2770 ¹vitam-t
1868 2685 2109 2768 interea
2143 2711 2210 2770 qe
2241 2696 2453 2785 ipsum

413 2800 862 2892 magnifaciens
887 2846 904 2872 ,
943 2793 1295 2886 arrogantia
1329 2793 1673 2871 intumuit,
1707 2816 1780 2862 ac
1812 2797 2070 2872 tandem
2098 2802 2181 2866 ad
2210 2804 2449 2873 scelera

412 2923 477 2976 et
495 2905 746 2973 ‘infinita
783 2903 948 2968 mala
978 2903 1309 2990 prolapsus
1333 2911 1449 2964 est.

492 3012 634 3081 XV.
687 3009 865 3077 Alius
889 3020 1175 3095 tempore
1207 3005 1666 3096 persecutionis
1689 3025 1919 3095 corpus
1943 3030 2129 3075 suum
2159 3012 2443 3094 tradidit,

408 3130 643 3183 etcum
669 3127 834 3181 esset
859 3113 1216 3186 consessor,
1241 3122 1457 3200 postea
1482 3132 1641 3198 pace
1662 3109 1829 3176 sacta
1849 3113 2094 3180 solutus
2124 3130 2262 3195 est,
2288 3134 2453 3188 erat-

409 3244 533 3309 que
551 3219 767 3310 magni
797 3216 1072 3302 nominis
1107 3240 1122 3282 ε
1158 3215 1677 3312 ΡαΙΡοΙιιειι·θιιίιιι
1707 3215 1848 3304 ejus
1870 3218 2033 3298 laesae
2060 3232 2254 3298 ¹sunt,
2282 3239 2448 3308 quo-

408 3327 578 3394 niam
607 3327 784 3392 sumo
816 3336 998 3406 erant
1020 3321 1466 3412 perustaestlic
1501 3323 1910 3410 postmodum
1946 3323 2145 3408 gloria
2177 3322 2449 3400 illustra-

406 3419 509 3496 tus
534 3480 556 3507 ,
615 3453 762 3497 cum
830 3429 910 3494 ad
960 3447 1182 3515 preces
1237 3436 1614 3501 vocaretur,
1689 3426 2084 3492 frumentum
2146 3434 2397 3520 accepit
2418 3484 2444 3513 ,

411 3523 707 3621 deditque
753 3535 819 3600 id
865 3553 1064 3622 puero
1109 3549 1257 3603 suc,
1299 3549 1504 3614 eoque
1539 3528 1791 3594 devenit
1830 3530 1969 3618 ejus
2015 3551 2236 3610 mens,
2284 3559 2358 3604 ac
2393 3541 2449 3610 gi

411 3658 734 3728 nunquam
779 3639 1117 3704 audivisset
1161 3634 1426 3701 verbum
1467 3631 1602 3698 Dei.
1667 3631 1847 3698 Alius
1896 3633 2174 3721 praehuit
2215 3659 2448 3730 corpu:
2492 3678 2503 3694 κ

411 3762 597 3806 suum
630 3752 914 3826 tempore
943 3740 1436 3827 persecutionis,
1470 3751 1533 3805 et
1564 3760 1906 3826 suspensus
1928 3752 2025 3807 est
2056 3752 2247 3828 atque
2266 3745 2454 3820 effer-

407 3843 586 3922 buit,
614 3864 687 3908 ac
717 3853 935 3929 postea
981 3841 1310 3938 conjectus
1343 3845 1409 3908 in
1443 3866 1787 3932 carcerem.
1833 3844 2448 3948 Ministrabatigitur

405 3950 464 4016 ei
508 3947 686 4036 juxta
725 3944 922 4010 fidem
966 3946 1252 4030 quaedam
1293 3950 1634 4026 canonica,
1675 3971 1826 4014 cum
1871 3973 1997 4039 qua
2028 3952 2452 4044 familiaritate

405 4063 768 4131 contracta,
799 4051 865 4118 in
896 4070 1154 4117 carcere
1179 4049 1334 4117 dum
1356 4063 1558 4129 esset,
1587 4053 1879 4143 delapsus
1908 4067 2006 4125 est
2034 4055 2101 4123 in
2131 4071 2445 4153 stuprum.

2078 4166 2178 4242 ιζ.
