2982 4885
915 478 922 483 “
1004 487 1184 531 mann
1225 488 1310 533 nn
1356 487 1720 539 unums-
2251 474 2380 554 ⁵4³

344 618 408 669 et
425 610 632 693 poetae
650 604 791 669 vani
810 602 1294 671 aedificationem
1314 605 1490 670 illam
1517 606 1600 673 ad
1622 628 1732 671 sua
1756 609 2085 677 mendacia
2109 612 2381 678 transse-

344 722 587 790 rentes‚
619 708 916 797 Gigantes
960 713 1348 785 docuerunt,
1382 710 1641 777 Aloidas
1682 712 1822 778 illos
1862 715 2239 784 rebellantes
2270 741 2375 784 as-

343 815 616 877 cendere
652 816 922 879 voluisse
961 813 1028 879 in
1072 815 1304 885 coelum
1342 838 1458 904 per
1501 815 1973 905 impositionem
2009 825 2322 891 montium
2353 875 2372 901 ,

343 929 533 1005 atque
561 920 707 985 inde
737 942 846 984 eos
873 920 1064 987 fuisse
1100 922 1450 1001 damnatos.
1483 922 1779 1001 Quorum
1813 925 2224 1007 deliramenta
2244 953 2387 998 non

342 1026 662 1089 latuerunt
676 1025 945 1112 amplius
976 1026 1305 1095 scientiam
1338 1050 1410 1092 ac
1443 1028 1737 1115 peritiam
1772 1030 2203 1103 christianam.

447 1202 747 1290 Lxxvrix.
790 1241 1104 1292 uffinnms
1136 1243 1230 1293 ns
1265 1242 1476 1294 Annis
1508 1242 1793 1299 οειιιιετι
1830 1249 1918 1301 nr
1951 1252 2282 1309 ramirans

979 1338 988 1347 ⁸
1175 1340 1545 1393 DUBiTANS.

427 1514 584 1577 AmA
624 1525 720 1578 est
751 1515 1004 1578 haeresis
1039 1519 1119 1582 de
1154 1540 1322 1591 anno
1363 1521 1751 1595 annuntiato,
1790 1525 2148 1615 ambigens,
2207 1533 2383 1616 quod

338 1616 422 1680 ait
464 1616 773 1704 propheta
818 1617 1006 1683 isaias
1045 1643 1059 1684 τ
1103 1648 1127 1679 α
1151 1620 1551 1712 Anntpntiare
1594 1649 1831 1697 annum
1872 1629 1987 1695 Dei
2017 1634 2380 1721 acceptabi-

337 1724 504 1786 »lem
536 1733 603 1785 et
634 1721 801 1786 diem
838 1724 1275 1790 retributionis
1302 1727 1347 1792 ¹.
1383 1757 1407 1788 ι
1446 1730 1681 1796 Putant
1710 1756 1861 1822 ergo
1884 1736 2165 1822 quidam,
2208 1722 2381 1827 quod

336 1848 408 1888 ex
435 1848 560 1912 quo
599 1827 770 1891 venit
800 1828 1113 1893 Dominus
1140 1854 1339 1918 usque
1371 1837 1452 1898 ad
1484 1841 2099 1904 consummationem
2124 1846 2333 1909 saeculi
2356 1894 2375 1918 ,

335 1954 459 1997 norn
497 1934 636 2019 plus
667 1955 788 1996 nec
825 1936 1037 1998 minus
1079 1933 1213 2001 fieri
1238 1960 1554 2004 annorum
1581 1964 1958 2020 numerum,
1992 1946 2110 2011 nisi
2140 1959 2381 2014 trecen·

334 2048 539 2102 torum
571 2040 888 2127 sexaginta
922 2040 1205 2128 quinque
1243 2065 1442 2129 usque
1474 2047 1554 2110 ad
1586 2045 1821 2112 Christi
1854 2049 2111 2115 Domini
2146 2052 2383 2135 iterum¹

330 2147 409 2206 de
435 2147 594 2208 coelo
621 2146 894 2209 divinam
922 2147 1341 2233 praesentiam.
1384 2151 1574 2227 Quod
1600 2156 1999 2223 contrarium
2029 2158 2371 2240 invenitur,

332 2248 381 2310 si
418 2248 498 2309 ita
538 2248 645 2330 qui
691 2249 1041 2309 senserint:
1079 2272 1227 2321 nam
1273 2254 1767 2340 quadringentos
1804 2260 1937 2344 jam
1979 2264 2120 2347 plus
2176 2291 2374 2337 annos

334 2350 625 2413 transisse
651 2349 1094 2436 cognoscimus
1117 2399 1134 2424 ,
1160 2373 1237 2414 ex
1263 2374 1389 2436 quo
1418 2356 1587 2419 venit
1612 2358 1951 2434 Dominus,
1978 2376 2169 2450 atque
2193 2390 2376 2436 com-

331 2457 551 2546 pletos.
607 2453 947 2533 Quomodo
998 2455 1211 2541 itaque
1253 2456 1377 2520 hoc
1417 2458 1540 2523 erit
1571 2462 1827 2527 rationis
1858 2467 1937 2529 de
1967 2491 2132 2535 anno
2154 2522 2170 2545 .
2207 2473 2375 2542 sicut

331 2563 564 2626 sentire
595 2560 1067 2626 voluerunthoc
1085 2560 1169 2626 ita
1191 2565 1662 2652 quamplurimi.
1687 2568 1997 2638 Dominus
2028 2577 2198 2643 enim
2221 2602 2363 2667 quae

332 2667 395 2732 in
434 2690 558 2731 uno
584 2687 751 2731 anno
767 2665 957 2753 gessit
985 2679 1050 2731 et
1069 2666 1288 2732 docuit
1311 2715 1326 2742 ,
1354 2668 1487 2736 baec
1526 2673 1654 2738 sola
1686 2678 1988 2767 praecepit
2018 2685 2351 2754 conscribi.

331 2772 490 2839 Nam
524 2793 662 2857 quae
694 2782 838 2836 ante
861 2771 1023 2836 sacta
1048 2785 1194 2843 sunt
1225 2773 1304 2837 ab
1321 2796 1398 2837 eo
1420 2797 1491 2840 ac
1520 2776 1711 2854 dicta,
1731 2782 1949 2869 primis
1966 2785 2217 2875 triginta
2243 2811 2322 2856 an
2340 2832 2364 2847 ·

321 2877 417 2940 nis
445 2877 794 2942 secundum
812 2876 1070 2941 beatum
1086 2876 1126 2941 J
1131 2900 1401 2944 oannem
1419 2879 1529 2974 qui
1548 2882 1724 2958 dicit,
1747 2886 2091 2957 «Mundum
2112 2916 2240 2960 non
2257 2919 2355 2974 ca·

318 3010 343 3042 a
362 3003 512 3071 pere
540 3004 753 3071 posse,
776 2981 828 3045 si
846 2981 1135 3047 universa
1158 2983 1613 3063 scriberentur,
1632 3010 1770 3074 quae
1800 2990 2032 3062 fecerat
2049 2996 2093 3063 ².
2129 3029 2153 3060 ιο
2211 3000 2351 3067 Pro-

319 3087 504 3174 pheta
537 3087 748 3176 itaque
779 3085 968 3152 Isaias
999 3087 1076 3150 de
1108 3110 1274 3151 anno
1313 3087 1420 3154 illo
1452 3090 1606 3157 dixit
1629 3091 1966 3184 salvatoris
1979 3100 2257 3196 Domini,
2283 3108 2348 3173 in

317 3214 444 3279 quo
475 3194 692 3258 docuit
713 3215 912 3280 usque
936 3193 1017 3257 ad
1040 3191 1394 3279 passionem
1420 3244 1438 3270 ,
1470 3208 1536 3261 et
1566 3204 2097 3270 resurrectionem
2116 3258 2134 3282 ,
2167 3223 2233 3273 et
2256 3233 2347 3274 as-

317 3293 680 3362 censionem
718 3298 780 3361 in
804 3299 1036 3361 coelum
1052 3345 1073 3372 ,
1101 3297 1288 3364 sicuti
1307 3311 1372 3363 et
1391 3300 1735 3380 beatissimi
1761 3304 2189 3383 tradiderunt.
2215 3335 2345 3379 non

316 3401 395 3464 de
426 3400 723 3466 trecentis
751 3402 1068 3488 sexaginta
1091 3401 1372 3489 quinque
1397 3404 1609 3482 annis,
1649 3418 1722 3470 ut
1749 3406 2008 3494 quidam
2039 3412 2346 3482 arbitran-

317 3517 444 3578 tur,
472 3506 582 3570 sed
615 3504 692 3570 de
726 3527 892 3569 anno
916 3504 1023 3568 illo
1053 3517 1196 3592 post
1217 3504 1606 3594 baptismum
1637 3497 1903 3587 scilicet,
1939 3513 2001 3578 in
2035 3538 2161 3602 quo
2187 3542 2344 3611 Ρη.

315 3607 533 3675 dicans
582 3609 987 3673 credentibus
1050 3609 1265 3674 salutis
1323 3611 1620 3697 mysteria
1683 3617 2002 3688 reserabat
2074 3622 2153 3686 de
2202 3626 2342 3714 lege

312 3712 552 3799 pariter
584 3725 649 3776 et
687 3712 1041 3809 Prophetis,
1076 3736 1214 3806 qum
1251 3714 1404 3786 olim
1436 3714 1604 3783 dicta
1645 3732 1793 3784 sunt
1825 3725 2114 3793 testando
2153 3742 2343 3819 atque

315 3819 836 3883 consummando.

377 3985 394 4022 .¹
429 3971 543 4022 lut.
572 3988 669 4030 nr,
697 3988 741 4021 α.
773 3999 835 4013 --
856 3987 876 4012 ⁸
905 3972 1046 4025 Joan.
1073 3989 1173 4032 xxi,
1202 3975 1281 4029 25.

525 4076 762 4148 xhvnlt
1972 4099 1985 4110 κ
2035 4060 2125 4138 35
