2982 4885
882 538 960 579 nn
1008 534 1368 579 unumne
1414 535 1663 581 nemis.
2171 523 2305 623 4⁰3

253 655 777 729 consecutionem
823 653 999 740 regni
1046 652 1170 726 De;
1213 632 1681 745 «Diligentibus
1712 654 1884 720 enim
1914 655 2120 722 Deum
2174 656 2299 740 (ait

261 790 288 822 ι
309 761 555 826 divinus
578 758 952 847 Apostolus)
991 757 1204 823 omnia
1238 770 1668 844 cooperantur
1708 759 1771 822 in
1801 759 2103 826 bonum¹.
2134 789 2159 822 a
2205 761 2303 841 Ex

263 866 359 931 his
391 866 577 953 igitur
609 877 903 953 apparet,
946 863 1087 950 quis
1127 862 1382 927 demum
1417 863 1496 926 sit
1536 886 1721 928 verus
1762 865 1876 929 Dei
1925 880 2165 932 amator
2180 893 2197 942 ;
2245 867 2297 932 is

263 966 600 1044 nimiruifl',
650 970 758 1057 qui
803 994 918 1056 per
959 979 1231 1042 cuncta,
1280 991 1421 1055 quae
1454 968 1516 1031 in
1561 967 1687 1033 hoc
1724 972 1964 1034 mundo
1996 982 2296 1057 putantur

263 1075 550 1149 obstare,
604 1087 902 1163 perrupta
930 1123 946 1148 ‚
983 1074 1147 1138 victa
1170 1121 1188 1147 ,
1223 1075 1495 1146 calcata,
1546 1085 1795 1138 tantum
1842 1097 2061 1143 versus
2095 1075 2300 1140 Deum

266 1203 484 1245 amore
515 1180 829 1253 seruntur,
868 1180 1154 1244 dicentes
1189 1202 1335 1244 cum
1376 1179 1731 1267 Propheta:
1768 1206 1793 1240 ι
1816 1180 1867 1245 F
1874 1203 2028 1245 unes
2070 1201 2301 1269 pecca-

265 1297 519 1350 »torum
553 1284 980 1371 circumplexi
1025 1296 1170 1348 sunt
1223 1307 1361 1357 me,
1412 1296 1477 1347 et
1521 1284 1725 1372 legem
1756 1297 1929 1350 tuam
1979 1308 2111 1350 non
2159 1306 2301 1349 sum

267 1417 291 1448 n
311 1390 543 1454 oblitus
561 1388 610 1453 ².
643 1418 666 1447 n

357 1494 536 1558 XXI.
592 1492 855 1557 Divinus
897 1495 1214 1578 apostolus
1257 1493 1489 1558 Paulus
1533 1494 1813 1559 exactius
1849 1507 1913 1561 et
1936 1494 2172 1559 clarius
2194 1495 2310 1557 de-

269 1608 626 1660 monstrare
685 1599 933 1669 volens,
976 1596 1130 1681 quid
1169 1619 1314 1662 vere
1358 1598 1435 1662 sit
1473 1598 1827 1686 perfectum
1867 1596 2311 1663 christianismi

269 1701 641 1787 mysterium
672 1699 734 1763 in
771 1724 1144 1787 unaquaque
1159 1701 1363 1766 anima
1378 1705 1943 1778 credente,venire
1966 1705 2154 1769 talem
2186 1702 2315 1766 ani-

271 1827 441 1869 mam
474 1805 534 1868 in
561 1804 752 1889 hujus
791 1804 1291 1891 experimentum
1320 1808 1543 1882 docet,
1566 1831 1679 1895 per
1697 1807 1971 1871 divinam
2007 1806 2316 1894 operatio-

272 1933 439 1974 nem.
478 1911 635 1988 Quae
668 1910 909 1974 scilicet
934 1910 1214 1996 operatio
1245 1921 1339 1974 est
1363 1911 2101 1999 supercoelestisluminis
2128 1910 2189 1973 in
2208 1933 2313 1973 re-

271 2015 580 2079 velatione
597 2027 660 2078 et
677 2014 905 2078 virtute
932 2014 1202 2101 Spiritus
1227 2014 1569 2080 irradiatio,
1596 2016 1687 2081 Ne
1707 2017 1870 2080 forte
1902 2015 2064 2101 quis,
2100 2014 2164 2078 in
2186 2011 2311 2078 hoc

270 2141 519 2193 erranS,
557 2131 734 2206 putet
767 2120 925 2184 nihil
960 2119 1130 2184 aliud
1153 2143 1290 2184 esse
1321 2120 1849 2186 illuminationem
1889 2118 2158 2207 Spiritus
2191 2117 2313 2187 nisi

276 2224 668 2308 Cognitiones
709 2223 768 2284 vi
824 2222 1087 2287 humani
1125 2225 1466 2307 productas
1511 2225 1903 2297 intellectus;
1955 2237 2020 2288 et
2052 2236 2314 2309 propter

276 2324 462 2386 istam
510 2324 965 2407 ignorantiam,
1018 2335 1083 2385 et
1129 2324 1434 2387 desidiam
1493 2326 1907 2409 periclitetur,
1955 2348 1988 2387 a
2035 2326 2316 2409 perfecto

282 2426 495 2516 gratiae
519 2426 807 2492 excidere
830 2425 1151 2512 mysteria
1177 2424 1516 2513 Propterea
1543 2430 1905 2513 exemplum
1938 2426 2321 2510 circumam-

281 2534 512 2599 bientis
525 2533 745 2596 faciem
762 2531 949 2596 Mosis
965 2529 1234 2617 Spiritus
1248 2531 1482 2616 gloriae,
1502 2529 1578 2592 ad
1595 2529 1968 2617 cognitionis
1984 2551 2322 2618 repraesen-

291 2639 592 2701 tationem
617 2637 789 2700 haud
813 2635 1002 2698 dubie
1035 2634 1427 2698 conformem
1453 2635 1661 2700 refert.
1697 2635 1802 2700 Ait
1822 2635 2048 2723 igitur:
2089 2635 2320 2713 «Quod

286 2770 313 2802 ι
333 2742 382 2806 si
408 2740 785 2806 ministratio
808 2741 1033 2805 mortis
1056 2739 1281 2805 litteris
1318 2740 1663 2805 deformata
1690 2740 1754 2803 in
1777 2741 2091 2828 lapidibus
2116 2739 2235 2803 suit
2258 2737 2330 2828 in*

288 2874 313 2907 n
334 2845 561 2933 gloria,
599 2846 680 2909 ita
713 2858 783 2910 ut
817 2868 942 2908 non
986 2857 1243 2932 possent
1281 2845 1609 2909 intendere
1648 2843 1759 2908 filii
1790 2846 1981 2909 Israel
2004 2846 2068 2909 in
2096 2843 2325 2909 faciem

289 2978 314 3009 κ
334 2950 564 3037 Moysi,
601 2963 860 3039 propter
883 2949 1146 3037 gloriam
1171 2951 1381 3012 vultus
1407 2948 1545 3034 ejus
1565 2997 1582 3022 ,
1609 2972 1747 3034 quae
1770 2960 2145 3013 evacuatur:
2173 2967 2327 3034 quo-

291 3058 526 3120 »modo
557 3079 681 3119 non
721 3058 920 3144 magis
952 3055 1334 3119 ministratio
1369 3053 1641 3143 Spiritus
1664 3054 1785 3120 erit
1807 3054 1869 3118 in
1894 3053 2136 3142 gloria?
2168 3052 2327 3119 Nam

293 3163 386 3225 :si
430 3162 806 3226 ministratio
852 3161 1274 3225 damnationis
1327 3160 1390 3223 in
1437 3161 1631 3248 gloria
1687 3173 1817 3235 est,
1874 3164 2076 3225 multo
2130 3159 2327 3245 magis

295 3268 615 3332 »abundat
645 3269 1063 3333 ministerium
1096 3267 1351 3353 justitia:
1389 3267 1450 3331 in
1495 3268 1710 3355 gloria.
1746 3268 1904 3333 Nam
1942 3287 2061 3329 nec
2088 3261 2331 3350 glorifi-

294 3385 550 3438 »catum
585 3387 678 3436 est
712 3377 881 3458 quod
914 3373 1140 3436 claruit
1173 3374 1234 3435 in
1268 3374 1387 3436 hac
1421 3385 1599 3458 parte
1630 3383 1889 3459 propter
1917 3369 2331 3432 excellentem

297 3504 322 3536 ι
342 3477 622 3563 gloriam.
667 3474 732 3538 Si
758 3474 928 3536 enim
953 3473 1126 3560 quod
1155 3486 1501 3534 evacuatur
1525 3499 1636 3560 per
1665 3473 1927 3561 gloriam
1959 3481 2090 3543 est;
2128 3473 2331 3536 multo

301 3582 540 3666 »magis
589 3579 761 3664 quod
803 3586 1018 3638 manet
1076 3572 1138 3634 in
1187 3571 1382 3657 gloria
1440 3573 1606 3636 θεῖ’.
1662 3577 1854 3652 Quod
1896 3586 2262 3646 evacuatur,
2291 3601 2317 3633 n

303 3681 484 3755 dixit,
527 3682 766 3743 idcirco
796 3680 968 3764 quod
1002 3675 1251 3744 mortali
1278 3674 1530 3763 corpori
1555 3675 1740 3741 Mosis
1764 3675 2340 3766 circumass'ulgeret

304 3786 410 3850 illa
446 3782 606 3848 lucis
638 3781 850 3870 gloria.
897 3779 1238 3867 Subjungit
1264 3801 1279 3841 ε
1320 3807 1346 3838 α
1367 3779 1686 3844 Habentes
1717 3779 1908 3868 igitur
1941 3781 2127 3844 talem
2158 3801 2338 3868 spem

306 3919 332 3951 n
352 3890 549 3954 multa
581 3887 811 3951 fiducia
851 3884 1147 3949 utimur⁴.
1177 3911 1202 3946 ι
1231 3883 1311 3950 Et
1344 3907 1712 3973 progressus
1736 3889 2028 3974 paulum,
2064 3884 2341 3950 ostendit

379 4038 393 4061 ¹
424 4024 566 4073 Rom.
585 4038 698 4082 vm,
729 4021 873 4076 28.-
897 4036 916 4060 ¹
946 4020 1077 4076 Psoi.
1102 4035 1276 4077 cxvm,
1300 4015 1451 4069 6ι.-
1478 4024 1500 4060 ³
1529 4038 1555 4071 ω
1572 4021 1693 4080 Cor.
1717 4040 1798 4089 iu,
1818 4038 2034 4090 7·11.—
2058 4024 2082 4065 ⁴
2105 4019 2236 4073 lbid.
2260 4036 2336 4082 υ,
