2982 4885
1154 518 1661 611 anonvmus.
2298 546 2428 625 615

860 750 1292 863 'fannon-Ano
1347 792 1482 884 (16)
1537 774 1678 884 psg.
1736 752 1885 861 556¹.

473 1035 633 1104 Male
651 1035 748 1103 vir
773 1036 1231 1104 eruditissimus
1265 1035 1549 1105 Latinius
1580 1037 1973 1129 suppositum
2001 1036 2106 1104 hic
2120 1040 2428 1108 mendum

384 1144 699 1233 corrigere
730 1145 930 1210 voluit
966 1148 1262 1234 ponendo
1296 1146 1451 1220 380,
1484 1147 1628 1211 loco
1666 1146 1914 1212 numeri
1949 1146 2213 1235 legitimi
2250 1149 2380 1225 430
2399 1172 2420 1223 ;

384 1250 612 1338 probat
636 1250 804 1316 enim
833 1251 1031 1317 solide
1050 1250 1417 1320 Gallandius
1445 1252 1507 1318 in
1530 1252 1998 1342 prolegomenis
2013 1253 2419 1320 adsunctum

380 1354 791 1429 Philostrium
825 1370 1063 1424 veteres
1077 1359 1294 1434 I’atxfes
1319 1359 1403 1425 ita
1437 1380 1634 1433 annos
1668 1381 2060 1435 numerasse,
2100 1370 2170 1423 ut
2214 1379 2417 1423 annus

386 1464 515 1538 430
550 1461 782 1526 incidat
813 1463 875 1528 in
912 1486 1145 1529 annum
1191 1467 1319 1551 390
1359 1476 1468 1529 ant
1504 1464 1632 1553 396
1667 1448 1845 1552 juxto
1886 1477 2175 1531 nostrum
2196 1485 2426 1530 nume-

384 1566 567 1631 randi
589 1569 873 1635 modum.
912 1568 1316 1638 Gallandium
1345 1571 1588 1638 videsis.

917 1831 1285 1881 Annon-no
1340 1809 1477 1900 (17)
1533 1834 1672 1900 pag.
1732 1809 1882 1876 562.

470 2051 672 2121 Caute
699 2055 868 2143 lege3
903 2076 1051 2119 nam
1096 2055 1147 2121 si
1183 2057 1525 2143 loquamur
1554 2057 1633 2122 de
1668 2077 1810 2121 vcra
1850 2052 2355 2121 sanctificatione
2389 2075 2422 2119 ι

380 2172 643 2244 peccato
675 2159 994 2244 originali,
1018 2158 1393 2231 Jeremiam,
1419 2160 1736 2225 Joannem
1766 2161 2116 2247 Baptistam
2136 2209 2154 2235 ,
2180 2173 2245 2227 et
2273 2159 2418 2228 Dei·

375 2280 595 2348 param
617 2263 779 2325 solos
809 2258 1232 2326 sanctificatos
1257 2261 1331 2345 in
1363 2273 1545 2326 utero
1573 2264 1811 2340 docent
1833 2263 2164 2350 Theologi.

915 2522 1282 2573 umorum
1334 2500 1472 2591 (18)
1527 2524 1666 2593 pag.
1727 2502 1880 2591 574.

467 2743 668 2811 Caute
700 2747 1037 2835 legendum
1067 2759 1164 2813 est
1192 2747 1315 2812 hoc
1339 2758 1577 2837 capnt3
1612 2768 1820 2834 neque
1846 2745 2018 2811 enim
2043 2745 2299 2810 haeresis
2323 2758 2420 2811 est

376 2863 486 2916 out
515 2874 697 2916 error
725 2852 1082 2918 existimare
1107 2875 1231 2918 non
1266 2875 1484 2918 omnes
1515 2853 1797 2919 Psalmos
1832 2852 2036 2918 editos
2067 2873 2100 2915 a
2134 2851 2375 2917 Davide
2396 2902 2413 2927 ,

379 2979 526 3022 cum
565 2956 748 3021 multi
779 2958 995 3023 Patres
1025 2972 1090 3025 et
1125 2959 1510 3024 recentiores
1533 2959 1656 3025 hoc
1680 2957 1985 3034 sentiant,
2022 2969 2089 3023 et
2111 2957 2317 3024 adhue
2351 2957 2416 3021 in

377 3060 673 3148 opinione
712 3064 1047 3130 doctorum
1089 3065 1204 3130 ista
1254 3065 1517 3152 quaestio
1560 3065 1920 3130 ventiletur.
1961 3063 2239 3130 Consule
2270 3061 2415 3128 Six-

380 3174 514 3228 tum
549 3167 661 3232 tib.
701 3193 755 3233 1.
786 3168 1100 3234 Biblioclae.
1127 3170 1992 3258 etPsalmor-uminterpretes
2022 3168 2088 3234 in
2111 3167 2417 3256 praesatio-

378 3266 598 3343 nibus,
632 3271 710 3334 de
748 3285 1003 3339 auctore
1039 3289 1104 3340 et
1140 3275 1363 3341 ordine
1394 3275 1817 3341 Psalmorum.

915 3523 1280 3571 Annorum
1333 3504 1470 3596 (19)
1524 3530 1663 3596 pag.
1719 3506 1870 3596 578.

463 3723 662 3791 Caute
694 3726 1031 3814 legendum
1062 3724 1182 3789 hoc
1211 3737 1435 3814 caput3
1464 3749 1611 3792 nam
1631 3741 1871 3795 nonest
1902 3728 2158 3820 haeresis
2187 3738 2411 3817 putare

373 3830 582 3895 stellas
603 3853 739 3895 esse
771 3829 932 3897 coelo
967 3828 1212 3904 infixas,
1240 3853 1389 3896 cum
1409 3832 1476 3899 id
1503 3834 1861 3922 philosophi
1884 3832 2321 3924 Peripatetici,
2344 3845 2412 3898 et

375 3938 753 4014 astronomi,
792 3950 981 4026 atque
1011 3938 1370 4004 scholastici
1399 3939 1673 4031 theologi
1698 3964 1949 4009 summo
1973 3962 2289 4007 consensu
2313 3938 2409 4003 af-

373 4041 653 4119 firment,
671 4044 954 4133 quamvis
970 4043 1257 4111 nonnulli
1272 4067 1350 4110 ex
1369 4047 1684 4114 veteribus
1698 4048 1990 4114 Patribus
2009 4044 2399 4113 dissentiant.
