<?xml version="1.0" encoding="UTF-8"?>
<!DOCTYPE html PUBLIC "-//W3C//DTD XHTML 1.0 Transitional//EN"
    "http://www.w3.org/TR/xhtml1/DTD/xhtml1-transitional.dtd">
<html xmlns="http://www.w3.org/1999/xhtml" xml:lang="en" lang="en">
 <head>
  <title>
</title>
<meta http-equiv="Content-Type" content="text/html;charset=utf-8" />
  <meta name='ocr-system' content='tesseract 3.04.00' />
  <meta name='ocr-capabilities' content='ocr_page ocr_carea ocr_par ocr_line ocrx_word'/>
</head>
<body>
  <div class='ocr_page' id='page_1' title='image "./sanctorummacari00egypgoog_0281.png"; bbox 0 0 2982 4885; ppageno 0'>
   <div class='ocr_carea' id='block_1_1' title="bbox 1174 472 2449 553">
    <p class='ocr_par' dir='ltr' id='par_1_1' title="bbox 1174 472 2449 553">
     <span class='ocr_line' id='line_1_1' title="bbox 1174 472 2449 553; baseline -0.011 -21"><span class='ocrx_word' id='word_1_1' title='bbox 1174 486 1432 532; x_wconf 67' lang='lat' dir='ltr'><strong>nouum</strong></span> <span class='ocrx_word' id='word_1_2' title='bbox 1479 485 1687 531; x_wconf 73' lang='lat' dir='ltr'><strong>XXXIV.</strong></span> <span class='ocrx_word' id='word_1_3' title='bbox 2302 508 2311 519; x_wconf 92' lang='lat'><strong>.</strong></span> <span class='ocrx_word' id='word_1_4' title='bbox 2320 472 2449 553; x_wconf 52' lang='grc' dir='ltr'><strong>ῥῷ</strong></span> 
     </span>
    </p>
   </div>
   <div class='ocr_carea' id='block_1_2' title="bbox 412 604 2523 4044">
    <p class='ocr_par' dir='ltr' id='par_1_2' title="bbox 412 604 2523 4044">
     <span class='ocr_line' id='line_1_2' title="bbox 416 604 2457 691; baseline -0.004 -17"><span class='ocrx_word' id='word_1_5' title='bbox 416 607 491 674; x_wconf 86' lang='lat' dir='ltr'><strong>ln</strong></span> <span class='ocrx_word' id='word_1_6' title='bbox 539 604 999 673; x_wconf 81' lang='lat' dir='ltr'><strong>resurrectione</strong></span> <span class='ocrx_word' id='word_1_7' title='bbox 1045 614 1258 669; x_wconf 86' lang='lat' dir='ltr'><strong>autem</strong></span> <span class='ocrx_word' id='word_1_8' title='bbox 1302 623 1680 691; x_wconf 86' lang='lat' dir='ltr'><strong>corporum,</strong></span> <span class='ocrx_word' id='word_1_9' title='bbox 1728 623 2000 691; x_wconf 83' lang='lat' dir='ltr'><strong>quorum</strong></span> <span class='ocrx_word' id='word_1_10' title='bbox 2046 616 2191 675; x_wconf 86' lang='lat' dir='ltr'><strong>ante</strong></span> <span class='ocrx_word' id='word_1_11' title='bbox 2234 624 2457 671; x_wconf 74' lang='lat' dir='ltr'><strong>resur-</strong></span> 
     </span>
     <span class='ocr_line' id='line_1_3' title="bbox 416 676 2523 798; baseline -0.004 -21"><span class='ocrx_word' id='word_1_12' title='bbox 416 712 693 777; x_wconf 82' lang='lat' dir='ltr'><strong>rexerint</strong></span> <span class='ocrx_word' id='word_1_13' title='bbox 726 725 790 776; x_wconf 85' lang='lat' dir='ltr'><strong>et</strong></span> <span class='ocrx_word' id='word_1_14' title='bbox 825 709 1020 798; x_wconf 82' lang='lat' dir='ltr'><strong>gloria</strong></span> <span class='ocrx_word' id='word_1_15' title='bbox 1066 709 1385 773; x_wconf 65' lang='lat' dir='ltr'><strong>illustratae</strong></span> <span class='ocrx_word' id='word_1_16' title='bbox 1418 707 1655 772; x_wconf 83' lang='lat' dir='ltr'><strong>suerint</strong></span> <span class='ocrx_word' id='word_1_17' title='bbox 1696 708 1955 784; x_wconf 66' lang='lat' dir='ltr'><strong>animae,</strong></span> <span class='ocrx_word' id='word_1_18' title='bbox 2003 721 2158 777; x_wconf 88' lang='lat' dir='ltr'><strong>tunc</strong></span> <span class='ocrx_word' id='word_1_19' title='bbox 2199 692 2455 797; x_wconf 64' lang='lat' dir='ltr'><strong>quoque</strong></span> <span class='ocrx_word' id='word_1_20' title='bbox 2512 676 2523 701; x_wconf 24' lang='lat' dir='ltr'>K</span> 
     </span>
     <span class='ocr_line' id='line_1_4' title="bbox 417 796 2458 906; baseline -0.002 -24"><span class='ocrx_word' id='word_1_21' title='bbox 417 836 683 906; x_wconf 86' lang='lat' dir='ltr'><strong>corpora</strong></span> <span class='ocrx_word' id='word_1_22' title='bbox 706 816 898 881; x_wconf 88' lang='lat' dir='ltr'><strong>simul</strong></span> <span class='ocrx_word' id='word_1_23' title='bbox 916 811 1445 903; x_wconf 83' lang='lat' dir='ltr'><strong>glorificabuntur</strong></span> <span class='ocrx_word' id='word_1_24' title='bbox 1458 823 1521 875; x_wconf 87' lang='lat' dir='ltr'><strong>et</strong></span> <span class='ocrx_word' id='word_1_25' title='bbox 1549 808 2031 878; x_wconf 74' lang='lat' dir='ltr'><strong>illustrabuntur</strong></span> <span class='ocrx_word' id='word_1_26' title='bbox 2053 835 2201 879; x_wconf 88' lang='lat' dir='ltr'><strong>cum</strong></span> <span class='ocrx_word' id='word_1_27' title='bbox 2228 796 2458 895; x_wconf 77' lang='lat' dir='ltr'><strong>anima,</strong></span> 
     </span>
     <span class='ocr_line' id='line_1_5' title="bbox 416 902 2459 1011; baseline -0.002 -23"><span class='ocrx_word' id='word_1_28' title='bbox 416 945 552 1011; x_wconf 79' lang='lat' dir='ltr'><strong>quae</strong></span> <span class='ocrx_word' id='word_1_29' title='bbox 586 944 755 987; x_wconf 92' lang='lat' dir='ltr'><strong>nunc</strong></span> <span class='ocrx_word' id='word_1_30' title='bbox 795 919 1140 986; x_wconf 86' lang='lat' dir='ltr'><strong>illuminata</strong></span> <span class='ocrx_word' id='word_1_31' title='bbox 1183 929 1248 984; x_wconf 89' lang='lat' dir='ltr'><strong>et</strong></span> <span class='ocrx_word' id='word_1_32' title='bbox 1281 917 1589 997; x_wconf 86' lang='lat' dir='ltr'><strong>illustrata</strong></span> <span class='ocrx_word' id='word_1_33' title='bbox 1633 914 1775 979; x_wconf 86' lang='lat' dir='ltr'><strong>fuit.</strong></span> <span class='ocrx_word' id='word_1_34' title='bbox 1816 915 2125 983; x_wconf 82' lang='lat' dir='ltr'><strong>Dominus</strong></span> <span class='ocrx_word' id='word_1_35' title='bbox 2144 902 2335 985; x_wconf 77' lang='lat' dir='ltr'><strong>enim:</strong></span> <span class='ocrx_word' id='word_1_36' title='bbox 2360 931 2459 997; x_wconf 73' lang='lat' dir='ltr'><strong>est</strong></span> 
     </span>
     <span class='ocr_line' id='line_1_6' title="bbox 413 1012 2456 1109; baseline -0.004 -14"><span class='ocrx_word' id='word_1_37' title='bbox 413 1048 636 1095; x_wconf 88' lang='lat' dir='ltr'><strong>eorum</strong></span> <span class='ocrx_word' id='word_1_38' title='bbox 681 1029 947 1102; x_wconf 87' lang='lat' dir='ltr'><strong>domus,</strong></span> <span class='ocrx_word' id='word_1_39' title='bbox 996 1012 1483 1089; x_wconf 83' lang='lat' dir='ltr'><strong>tabernaculum</strong></span> <span class='ocrx_word' id='word_1_40' title='bbox 1528 1032 1594 1085; x_wconf 63' lang='lat' dir='ltr'><strong>ei.</strong></span> <span class='ocrx_word' id='word_1_41' title='bbox 1626 1018 1905 1109; x_wconf 67' lang='lat' dir='ltr'><strong>=civitasg</strong></span> <span class='ocrx_word' id='word_1_42' title='bbox 1952 1020 2271 1087; x_wconf 88' lang='lat' dir='ltr'><strong>domicilio</strong></span> <span class='ocrx_word' id='word_1_43' title='bbox 2304 1044 2456 1088; x_wconf 88' lang='lat' dir='ltr'><strong>vero</strong></span> 
     </span>
     <span class='ocr_line' id='line_1_7' title="bbox 413 1116 2459 1214; baseline -0.005 -15"><span class='ocrx_word' id='word_1_44' title='bbox 413 1116 682 1207; x_wconf 73' lang='lat' dir='ltr'><strong>eoelesti,</strong></span> <span class='ocrx_word' id='word_1_45' title='bbox 714 1152 844 1196; x_wconf 91' lang='lat' dir='ltr'><strong>non</strong></span> <span class='ocrx_word' id='word_1_46' title='bbox 868 1127 1259 1202; x_wconf 81' lang='lat' dir='ltr'><strong>manufacto,</strong></span> <span class='ocrx_word' id='word_1_47' title='bbox 1283 1124 1560 1214; x_wconf 87' lang='lat' dir='ltr'><strong>protecti</strong></span> <span class='ocrx_word' id='word_1_48' title='bbox 1592 1135 1762 1198; x_wconf 88' lang='lat' dir='ltr'><strong>sunt,</strong></span> <span class='ocrx_word' id='word_1_49' title='bbox 1795 1121 1993 1209; x_wconf 84' lang='lat' dir='ltr'><strong>gloria</strong></span> <span class='ocrx_word' id='word_1_50' title='bbox 2026 1122 2327 1188; x_wconf 83' lang='lat' dir='ltr'><strong>nimirum</strong></span> <span class='ocrx_word' id='word_1_51' title='bbox 2354 1126 2459 1190; x_wconf 92' lang='lat' dir='ltr'><strong>lu-</strong></span> 
     </span>
     <span class='ocr_line' id='line_1_8' title="bbox 413 1218 2459 1302; baseline -0.004 0"><span class='ocrx_word' id='word_1_52' title='bbox 413 1236 604 1302; x_wconf 82' lang='lat' dir='ltr'>minis</span> <span class='ocrx_word' id='word_1_53' title='bbox 643 1236 836 1302; x_wconf 89' lang='lat' dir='ltr'><strong>divini</strong></span> <span class='ocrx_word' id='word_1_54' title='bbox 879 1237 1053 1301; x_wconf 86' lang='lat' dir='ltr'><strong>velut</strong></span> <span class='ocrx_word' id='word_1_55' title='bbox 1096 1232 1209 1298; x_wconf 84' lang='lat' dir='ltr'><strong>filii</strong></span> <span class='ocrx_word' id='word_1_56' title='bbox 1259 1232 1421 1298; x_wconf 86' lang='lat' dir='ltr'><strong>lucis</strong></span> <span class='ocrx_word' id='word_1_57' title='bbox 1456 1228 1690 1295; x_wconf 81' lang='lat' dir='ltr'><strong>effecti.</strong></span> <span class='ocrx_word' id='word_1_58' title='bbox 1738 1218 1878 1294; x_wconf 88' lang='lat' dir='ltr'><strong>Non</strong></span> <span class='ocrx_word' id='word_1_59' title='bbox 1920 1227 2345 1296; x_wconf 81' lang='lat' dir='ltr'><strong>intuebuntur</strong></span> <span class='ocrx_word' id='word_1_60' title='bbox 2388 1252 2459 1295; x_wconf 82' lang='lat' dir='ltr'><strong>se</strong></span> 
     </span>
     <span class='ocr_line' id='line_1_9' title="bbox 413 1331 2458 1426; baseline -0.004 -20"><span class='ocrx_word' id='word_1_61' title='bbox 413 1339 689 1406; x_wconf 85' lang='lat' dir='ltr'><strong>invicem</strong></span> <span class='ocrx_word' id='word_1_62' title='bbox 731 1341 923 1407; x_wconf 88' lang='lat' dir='ltr'><strong>oculo</strong></span> <span class='ocrx_word' id='word_1_63' title='bbox 962 1360 1203 1426; x_wconf 78' lang='lat' dir='ltr'><strong>prav03</strong></span> <span class='ocrx_word' id='word_1_64' title='bbox 1245 1335 1485 1402; x_wconf 84' lang='lat' dir='ltr'><strong>malitia</strong></span> <span class='ocrx_word' id='word_1_65' title='bbox 1529 1332 1703 1398; x_wconf 88' lang='lat' dir='ltr'><strong>enim</strong></span> <span class='ocrx_word' id='word_1_66' title='bbox 1740 1332 1986 1398; x_wconf 83' lang='lat' dir='ltr'><strong>sublata</strong></span> <span class='ocrx_word' id='word_1_67' title='bbox 2027 1344 2143 1399; x_wconf 72' lang='lat' dir='ltr'><strong>est.</strong></span> <span class='ocrx_word' id='word_1_68' title='bbox 2189 1331 2330 1400; x_wconf 79' lang='lat' dir='ltr'><strong>Non</strong></span> <span class='ocrx_word' id='word_1_69' title='bbox 2360 1345 2458 1410; x_wconf 85' lang='lat' dir='ltr'><strong>est</strong></span> 
     </span>
     <span class='ocr_line' id='line_1_10' title="bbox 414 1437 2462 1514; baseline -0.004 -3"><span class='ocrx_word' id='word_1_70' title='bbox 414 1444 547 1512; x_wconf 89' lang='lat' dir='ltr'><strong>illic</strong></span> <span class='ocrx_word' id='word_1_71' title='bbox 579 1448 900 1511; x_wconf 86' lang='lat' dir='ltr'><strong>masculus</strong></span> <span class='ocrx_word' id='word_1_72' title='bbox 923 1455 989 1507; x_wconf 91' lang='lat' dir='ltr'><strong>et</strong></span> <span class='ocrx_word' id='word_1_73' title='bbox 1018 1443 1299 1514; x_wconf 83' lang='lat' dir='ltr'><strong>soemina,</strong></span> <span class='ocrx_word' id='word_1_74' title='bbox 1326 1463 1545 1506; x_wconf 83' lang='lat' dir='ltr'><strong>servus</strong></span> <span class='ocrx_word' id='word_1_75' title='bbox 1565 1450 1631 1505; x_wconf 90' lang='lat' dir='ltr'><strong>et</strong></span> <span class='ocrx_word' id='word_1_76' title='bbox 1657 1437 1838 1503; x_wconf 86' lang='lat' dir='ltr'><strong>liber.</strong></span> <span class='ocrx_word' id='word_1_77' title='bbox 1879 1438 1954 1502; x_wconf 92' lang='lat' dir='ltr'><strong>In</strong></span> <span class='ocrx_word' id='word_1_78' title='bbox 1985 1437 2261 1504; x_wconf 80' lang='lat' dir='ltr'><strong>divinam</strong></span> <span class='ocrx_word' id='word_1_79' title='bbox 2284 1438 2462 1511; x_wconf 84' lang='lat' dir='ltr'><strong>enim</strong></span> 
     </span>
     <span class='ocr_line' id='line_1_11' title="bbox 413 1538 2461 1630; baseline -0.004 -18"><span class='ocrx_word' id='word_1_80' title='bbox 413 1560 707 1612; x_wconf 87' lang='lat' dir='ltr'><strong>naturam</strong></span> <span class='ocrx_word' id='word_1_81' title='bbox 746 1565 969 1610; x_wconf 84' lang='lat' dir='ltr'><strong>omnes</strong></span> <span class='ocrx_word' id='word_1_82' title='bbox 1015 1554 1562 1617; x_wconf 77' lang='lat' dir='ltr'><strong>transmutantur,</strong></span> <span class='ocrx_word' id='word_1_83' title='bbox 1608 1540 1902 1630; x_wconf 81' lang='lat' dir='ltr'><strong>benigni,</strong></span> <span class='ocrx_word' id='word_1_84' title='bbox 1950 1540 2143 1605; x_wconf 76' lang='lat' dir='ltr'><strong>diiet</strong></span> <span class='ocrx_word' id='word_1_85' title='bbox 2185 1538 2297 1607; x_wconf 82' lang='lat' dir='ltr'><strong>filii</strong></span> <span class='ocrx_word' id='word_1_86' title='bbox 2341 1538 2461 1605; x_wconf 86' lang='lat' dir='ltr'><strong>Dei</strong></span> 
     </span>
     <span class='ocr_line' id='line_1_12' title="bbox 414 1642 2464 1739; baseline -0.005 -21"><span class='ocrx_word' id='word_1_87' title='bbox 414 1651 588 1718; x_wconf 81' lang='lat' dir='ltr'><strong>sacti.</strong></span> <span class='ocrx_word' id='word_1_88' title='bbox 626 1650 764 1716; x_wconf 89' lang='lat' dir='ltr'><strong>Illic</strong></span> <span class='ocrx_word' id='word_1_89' title='bbox 793 1648 1030 1737; x_wconf 78' lang='lat' dir='ltr'><strong>absque</strong></span> <span class='ocrx_word' id='word_1_90' title='bbox 1068 1649 1199 1713; x_wconf 89' lang='lat' dir='ltr'><strong>ullo</strong></span> <span class='ocrx_word' id='word_1_91' title='bbox 1227 1648 1472 1736; x_wconf 88' lang='lat' dir='ltr'><strong>pudore</strong></span> <span class='ocrx_word' id='word_1_92' title='bbox 1501 1659 1655 1713; x_wconf 90' lang='lat' dir='ltr'><strong>tunc</strong></span> <span class='ocrx_word' id='word_1_93' title='bbox 1687 1649 1991 1735; x_wconf 50' lang='lat' dir='ltr'><strong>loquetur,</strong></span> <span class='ocrx_word' id='word_1_94' title='bbox 2011 1666 2236 1739; x_wconf 83' lang='lat' dir='ltr'><strong>pacem</strong></span> <span class='ocrx_word' id='word_1_95' title='bbox 2268 1642 2464 1708; x_wconf 80' lang='lat' dir='ltr'><strong>frater</strong></span> 
     </span>
     <span class='ocr_line' id='line_1_13' title="bbox 417 1749 2466 1837; baseline -0.005 -16"><span class='ocrx_word' id='word_1_96' title='bbox 417 1776 568 1822; x_wconf 89' lang='lat' dir='ltr'><strong>cum</strong></span> <span class='ocrx_word' id='word_1_97' title='bbox 607 1777 840 1819; x_wconf 84' lang='lat' dir='ltr'><strong>sorore.</strong></span> <span class='ocrx_word' id='word_1_98' title='bbox 898 1754 1107 1818; x_wconf 90' lang='lat' dir='ltr'><strong>Unum</strong></span> <span class='ocrx_word' id='word_1_99' title='bbox 1142 1751 1455 1837; x_wconf 74' lang='lat' dir='ltr'><strong>siquidem</strong></span> <span class='ocrx_word' id='word_1_100' title='bbox 1495 1763 1646 1815; x_wconf 77' lang='lat' dir='ltr'><strong>sunt</strong></span> <span class='ocrx_word' id='word_1_101' title='bbox 1683 1750 1748 1814; x_wconf 91' lang='lat' dir='ltr'><strong>in</strong></span> <span class='ocrx_word' id='word_1_102' title='bbox 1795 1749 2047 1815; x_wconf 76' lang='lat' dir='ltr'><strong>Christo</strong></span> <span class='ocrx_word' id='word_1_103' title='bbox 2091 1769 2352 1837; x_wconf 78' lang='lat' dir='ltr'><strong>omnes,</strong></span> <span class='ocrx_word' id='word_1_104' title='bbox 2396 1758 2466 1831; x_wconf 76' lang='lat' dir='ltr'><strong>et</strong></span> 
     </span>
     <span class='ocr_line' id='line_1_14' title="bbox 416 1851 2465 1941; baseline -0.005 -15"><span class='ocrx_word' id='word_1_105' title='bbox 416 1882 636 1926; x_wconf 84' lang='lat' dir='ltr'><strong>omnes</strong></span> <span class='ocrx_word' id='word_1_106' title='bbox 672 1859 738 1924; x_wconf 90' lang='lat' dir='ltr'><strong>in</strong></span> <span class='ocrx_word' id='word_1_107' title='bbox 768 1880 897 1923; x_wconf 86' lang='lat' dir='ltr'><strong>uno</strong></span> <span class='ocrx_word' id='word_1_108' title='bbox 935 1855 1175 1921; x_wconf 86' lang='lat' dir='ltr'><strong>lumine</strong></span> <span class='ocrx_word' id='word_1_109' title='bbox 1205 1853 1631 1941; x_wconf 76' lang='lat' dir='ltr'><strong>requiescunt.</strong></span> <span class='ocrx_word' id='word_1_110' title='bbox 1670 1852 1978 1917; x_wconf 86' lang='lat' dir='ltr'><strong>Attendet</strong></span> <span class='ocrx_word' id='word_1_111' title='bbox 2010 1852 2169 1916; x_wconf 88' lang='lat' dir='ltr'><strong>alter</strong></span> <span class='ocrx_word' id='word_1_112' title='bbox 2207 1851 2271 1914; x_wconf 88' lang='lat' dir='ltr'><strong>in</strong></span> <span class='ocrx_word' id='word_1_113' title='bbox 2301 1852 2465 1916; x_wconf 82' lang='lat' dir='ltr'><strong>alto-</strong></span> 
     </span>
     <span class='ocr_line' id='line_1_15' title="bbox 414 1952 2462 2041; baseline -0.006 -10"><span class='ocrx_word' id='word_1_114' title='bbox 414 1988 560 2030; x_wconf 84' lang='lat' dir='ltr'><strong>rum</strong></span> <span class='ocrx_word' id='word_1_115' title='bbox 585 2014 604 2041; x_wconf 96' lang='lat'><strong>,</strong></span> <span class='ocrx_word' id='word_1_116' title='bbox 646 1976 711 2029; x_wconf 89' lang='lat' dir='ltr'><strong>et</strong></span> <span class='ocrx_word' id='word_1_117' title='bbox 747 1963 915 2028; x_wconf 88' lang='lat' dir='ltr'><strong>inter</strong></span> <span class='ocrx_word' id='word_1_118' title='bbox 953 1959 1417 2026; x_wconf 80' lang='lat' dir='ltr'><strong>attendendum</strong></span> <span class='ocrx_word' id='word_1_119' title='bbox 1455 1954 1791 2021; x_wconf 80' lang='lat' dir='ltr'><strong>confestim</strong></span> <span class='ocrx_word' id='word_1_120' title='bbox 1830 1956 2041 2020; x_wconf 86' lang='lat' dir='ltr'><strong>denuo</strong></span> <span class='ocrx_word' id='word_1_121' title='bbox 2083 1953 2150 2019; x_wconf 90' lang='lat' dir='ltr'><strong>in</strong></span> <span class='ocrx_word' id='word_1_122' title='bbox 2195 1952 2462 2018; x_wconf 74' lang='lat' dir='ltr'><strong>veritato</strong></span> 
     </span>
     <span class='ocr_line' id='line_1_16' title="bbox 412 2042 2355 2160; baseline -0.009 -23"><span class='ocrx_word' id='word_1_123' title='bbox 412 2069 842 2160; x_wconf 84' lang='lat' dir='ltr'><strong>splendebunt</strong></span> <span class='ocrx_word' id='word_1_124' title='bbox 862 2116 880 2144; x_wconf 92' lang='lat'><strong>,</strong></span> <span class='ocrx_word' id='word_1_125' title='bbox 917 2067 981 2131; x_wconf 90' lang='lat' dir='ltr'><strong>in</strong></span> <span class='ocrx_word' id='word_1_126' title='bbox 1013 2087 1162 2130; x_wconf 89' lang='lat' dir='ltr'><strong>vera</strong></span> <span class='ocrx_word' id='word_1_127' title='bbox 1191 2060 1731 2150; x_wconf 78' lang='lat' dir='ltr'><strong>contemplatione</strong></span> <span class='ocrx_word' id='word_1_128' title='bbox 1752 2058 2011 2124; x_wconf 81' lang='lat' dir='ltr'><strong>luminis</strong></span> <span class='ocrx_word' id='word_1_129' title='bbox 2036 2056 2268 2123; x_wconf 88' lang='lat' dir='ltr'><strong>arcani.</strong></span> <span class='ocrx_word' id='word_1_130' title='bbox 2346 2042 2355 2049; x_wconf 58' lang='grc'>’</span> 
     </span>
     <span class='ocr_line' id='line_1_17' title="bbox 500 2159 2459 2259; baseline -0.009 -17"><span class='ocrx_word' id='word_1_131' title='bbox 500 2176 609 2241; x_wconf 89' lang='grc' dir='ltr'><strong>ΙΙΙ.</strong></span> <span class='ocrx_word' id='word_1_132' title='bbox 662 2174 841 2241; x_wconf 75' lang='lat' dir='ltr'><strong>Adeo</strong></span> <span class='ocrx_word' id='word_1_133' title='bbox 875 2168 1333 2259; x_wconf 79' lang='lat' dir='ltr'><strong>multiplicibus</strong></span> <span class='ocrx_word' id='word_1_134' title='bbox 1383 2165 1641 2254; x_wconf 77' lang='lat' dir='ltr'><strong>figuris,</strong></span> <span class='ocrx_word' id='word_1_135' title='bbox 1692 2166 1893 2230; x_wconf 87' lang='lat' dir='ltr'><strong>multa</strong></span> <span class='ocrx_word' id='word_1_136' title='bbox 1937 2174 2005 2228; x_wconf 91' lang='lat' dir='ltr'><strong>et</strong></span> <span class='ocrx_word' id='word_1_137' title='bbox 2046 2162 2216 2228; x_wconf 86' lang='lat' dir='ltr'><strong>varia</strong></span> <span class='ocrx_word' id='word_1_138' title='bbox 2258 2159 2459 2250; x_wconf 77' lang='lat' dir='ltr'><strong>gloria</strong></span> 
     </span>
     <span class='ocr_line' id='line_1_18' title="bbox 416 2265 2460 2355; baseline -0.008 -13"><span class='ocrx_word' id='word_1_139' title='bbox 416 2279 624 2343; x_wconf 82' lang='lat' dir='ltr'><strong>divina</strong></span> <span class='ocrx_word' id='word_1_140' title='bbox 658 2300 723 2340; x_wconf 86' lang='lat' dir='ltr'><strong>se</strong></span> <span class='ocrx_word' id='word_1_141' title='bbox 766 2274 1039 2339; x_wconf 87' lang='lat' dir='ltr'><strong>invicem</strong></span> <span class='ocrx_word' id='word_1_142' title='bbox 1073 2271 1423 2355; x_wconf 84' lang='lat' dir='ltr'><strong>aspicient:</strong></span> <span class='ocrx_word' id='word_1_143' title='bbox 1466 2270 1734 2355; x_wconf 76' lang='lat' dir='ltr'><strong>quisque</strong></span> <span class='ocrx_word' id='word_1_144' title='bbox 1767 2277 2027 2352; x_wconf 77' lang='lat' dir='ltr'><strong>stupore</strong></span> <span class='ocrx_word' id='word_1_145' title='bbox 2064 2265 2460 2350; x_wconf 88' lang='lat' dir='ltr'><strong>percutietur</strong></span> 
     </span>
     <span class='ocr_line' id='line_1_19' title="bbox 418 2364 2464 2445; baseline -0.008 0"><span class='ocrx_word' id='word_1_146' title='bbox 418 2392 486 2445; x_wconf 87' lang='lat' dir='ltr'><strong>et</strong></span> <span class='ocrx_word' id='word_1_147' title='bbox 527 2377 832 2444; x_wconf 85' lang='lat' dir='ltr'><strong>exultabit</strong></span> <span class='ocrx_word' id='word_1_148' title='bbox 880 2373 1269 2438; x_wconf 85' lang='lat' dir='ltr'><strong>exultatione</strong></span> <span class='ocrx_word' id='word_1_149' title='bbox 1314 2370 1672 2441; x_wconf 82' lang='lat' dir='ltr'><strong>ineffabili,</strong></span> <span class='ocrx_word' id='word_1_150' title='bbox 1728 2368 2160 2432; x_wconf 85' lang='lat' dir='ltr'><strong>animadversa</strong></span> <span class='ocrx_word' id='word_1_151' title='bbox 2207 2364 2464 2429; x_wconf 76' lang='lat' dir='ltr'><strong>alterius</strong></span> 
     </span>
     <span class='ocr_line' id='line_1_20' title="bbox 420 2469 2465 2575; baseline -0.007 -25"><span class='ocrx_word' id='word_1_152' title='bbox 420 2484 636 2575; x_wconf 78' lang='lat' dir='ltr'><strong>gloria.</strong></span> <span class='ocrx_word' id='word_1_153' title='bbox 698 2481 888 2545; x_wconf 84' lang='lat' dir='ltr'><strong>Vides</strong></span> <span class='ocrx_word' id='word_1_154' title='bbox 933 2477 1062 2565; x_wconf 89' lang='lat' dir='ltr'><strong>quo</strong></span> <span class='ocrx_word' id='word_1_155' title='bbox 1105 2486 1294 2564; x_wconf 86' lang='lat' dir='ltr'><strong>pacto</strong></span> <span class='ocrx_word' id='word_1_156' title='bbox 1341 2473 1539 2561; x_wconf 82' lang='lat' dir='ltr'><strong>gloria</strong></span> <span class='ocrx_word' id='word_1_157' title='bbox 1586 2471 1705 2536; x_wconf 90' lang='lat' dir='ltr'><strong>Dei</strong></span> <span class='ocrx_word' id='word_1_158' title='bbox 1751 2469 1973 2534; x_wconf 76' lang='lat' dir='ltr'><strong>verbis</strong></span> <span class='ocrx_word' id='word_1_159' title='bbox 2007 2470 2306 2557; x_wconf 83' lang='lat' dir='ltr'><strong>explicari</strong></span> <span class='ocrx_word' id='word_1_160' title='bbox 2355 2482 2465 2536; x_wconf 84' lang='lat' dir='ltr'><strong>aut</strong></span> 
     </span>
     <span class='ocr_line' id='line_1_21' title="bbox 422 2571 2466 2677; baseline -0.01 -21"><span class='ocrx_word' id='word_1_161' title='bbox 422 2583 877 2677; x_wconf 87' lang='lat' dir='ltr'><strong>comprehendi</strong></span> <span class='ocrx_word' id='word_1_162' title='bbox 902 2589 1210 2669; x_wconf 86' lang='lat' dir='ltr'><strong>nequeat,</strong></span> <span class='ocrx_word' id='word_1_163' title='bbox 1230 2577 1429 2667; x_wconf 81' lang='lat' dir='ltr'><strong>gloria</strong></span> <span class='ocrx_word' id='word_1_164' title='bbox 1459 2576 1702 2642; x_wconf 84' lang='lat' dir='ltr'><strong>scilicet</strong></span> <span class='ocrx_word' id='word_1_165' title='bbox 1719 2571 1979 2640; x_wconf 83' lang='lat' dir='ltr'><strong>luminis</strong></span> <span class='ocrx_word' id='word_1_166' title='bbox 2010 2571 2249 2648; x_wconf 84' lang='lat' dir='ltr'><strong>arcani,</strong></span> <span class='ocrx_word' id='word_1_167' title='bbox 2277 2583 2466 2636; x_wconf 80' lang='lat' dir='ltr'><strong>aeter-</strong></span> 
     </span>
     <span class='ocr_line' id='line_1_22' title="bbox 422 2676 2468 2780; baseline -0.01 -20"><span class='ocrx_word' id='word_1_168' title='bbox 422 2714 652 2761; x_wconf 91' lang='lat' dir='ltr'><strong>norum</strong></span> <span class='ocrx_word' id='word_1_169' title='bbox 682 2687 1155 2780; x_wconf 79' lang='lat' dir='ltr'><strong>mysteriorum,</strong></span> <span class='ocrx_word' id='word_1_170' title='bbox 1176 2696 1243 2750; x_wconf 90' lang='lat' dir='ltr'><strong>et</strong></span> <span class='ocrx_word' id='word_1_171' title='bbox 1263 2683 1581 2749; x_wconf 90' lang='lat' dir='ltr'><strong>bonorum</strong></span> <span class='ocrx_word' id='word_1_172' title='bbox 1609 2676 2194 2767; x_wconf 81' lang='lat' dir='ltr'><strong>innumerabilium.</strong></span> <span class='ocrx_word' id='word_1_173' title='bbox 2228 2676 2468 2757; x_wconf 86' lang='lat' dir='ltr'><strong>Quem-</strong></span> 
     </span>
     <span class='ocr_line' id='line_1_23' title="bbox 424 2782 2466 2872; baseline -0.01 -5"><span class='ocrx_word' id='word_1_174' title='bbox 424 2799 767 2867; x_wconf 83' lang='lat' dir='ltr'><strong>admodum</strong></span> <span class='ocrx_word' id='word_1_175' title='bbox 797 2793 1053 2861; x_wconf 88' lang='lat' dir='ltr'><strong>enimin</strong></span> <span class='ocrx_word' id='word_1_176' title='bbox 1090 2790 1280 2856; x_wconf 85' lang='lat' dir='ltr'><strong>rebus</strong></span> <span class='ocrx_word' id='word_1_177' title='bbox 1311 2789 1468 2855; x_wconf 85' lang='lat' dir='ltr'><strong>aciei</strong></span> <span class='ocrx_word' id='word_1_178' title='bbox 1501 2788 1838 2852; x_wconf 86' lang='lat' dir='ltr'><strong>oculorum</strong></span> <span class='ocrx_word' id='word_1_179' title='bbox 1871 2782 2200 2871; x_wconf 83' lang='lat' dir='ltr'><strong>subjectis,</strong></span> <span class='ocrx_word' id='word_1_180' title='bbox 2220 2783 2466 2872; x_wconf 75' lang='lat' dir='ltr'><strong>plantas</strong></span> 
     </span>
     <span class='ocr_line' id='line_1_24' title="bbox 424 2887 2467 2983; baseline -0.012 -8"><span class='ocrx_word' id='word_1_181' title='bbox 424 2921 643 2983; x_wconf 81' lang='lat' dir='ltr'><strong>terrae,</strong></span> <span class='ocrx_word' id='word_1_182' title='bbox 692 2902 929 2970; x_wconf 87' lang='lat' dir='ltr'><strong>semina</strong></span> <span class='ocrx_word' id='word_1_183' title='bbox 976 2910 1085 2964; x_wconf 89' lang='lat' dir='ltr'><strong>aut</strong></span> <span class='ocrx_word' id='word_1_184' title='bbox 1129 2897 1318 2963; x_wconf 84' lang='lat' dir='ltr'><strong>ssores</strong></span> <span class='ocrx_word' id='word_1_185' title='bbox 1362 2893 1570 2960; x_wconf 86' lang='lat' dir='ltr'><strong>varios</strong></span> <span class='ocrx_word' id='word_1_186' title='bbox 1609 2916 1736 2959; x_wconf 90' lang='lat' dir='ltr'><strong>non</strong></span> <span class='ocrx_word' id='word_1_187' title='bbox 1777 2893 1998 2956; x_wconf 89' lang='lat' dir='ltr'><strong>datum</strong></span> <span class='ocrx_word' id='word_1_188' title='bbox 2041 2900 2138 2954; x_wconf 86' lang='lat' dir='ltr'><strong>est</strong></span> <span class='ocrx_word' id='word_1_189' title='bbox 2184 2887 2467 2978; x_wconf 56' lang='lat' dir='ltr'><strong>cuipiam</strong></span> 
     </span>
     <span class='ocr_line' id='line_1_25' title="bbox 418 3005 2469 3096; baseline -0.01 -14"><span class='ocrx_word' id='word_1_190' title='bbox 418 3034 687 3082; x_wconf 89' lang='lat' dir='ltr'><strong>numero</strong></span> <span class='ocrx_word' id='word_1_191' title='bbox 722 3005 1266 3096; x_wconf 88' lang='lat' dir='ltr'><strong>comprehendere</strong></span> <span class='ocrx_word' id='word_1_192' title='bbox 1289 3052 1306 3080; x_wconf 93' lang='lat'>‚</span> <span class='ocrx_word' id='word_1_193' title='bbox 1343 3014 1531 3090; x_wconf 89' lang='lat' dir='ltr'><strong>atque</strong></span> <span class='ocrx_word' id='word_1_194' title='bbox 1564 3012 1633 3066; x_wconf 92' lang='lat' dir='ltr'><strong>ut</strong></span> <span class='ocrx_word' id='word_1_195' title='bbox 1663 3021 1885 3066; x_wconf 88' lang='lat' dir='ltr'><strong>omnes</strong></span> <span class='ocrx_word' id='word_1_196' title='bbox 1916 3018 2070 3086; x_wconf 83' lang='lat' dir='ltr'><strong>opes</strong></span> <span class='ocrx_word' id='word_1_197' title='bbox 2104 3007 2287 3060; x_wconf 80' lang='lat' dir='ltr'><strong>terrae</strong></span> <span class='ocrx_word' id='word_1_198' title='bbox 2325 3014 2469 3062; x_wconf 77' lang='lat' dir='ltr'><strong>me-</strong></span> 
     </span>
     <span class='ocr_line' id='line_1_26' title="bbox 418 3095 2470 3205; baseline -0.013 -17"><span class='ocrx_word' id='word_1_199' title='bbox 418 3122 613 3188; x_wconf 90' lang='lat' dir='ltr'><strong>tiatur</strong></span> <span class='ocrx_word' id='word_1_200' title='bbox 637 3114 951 3205; x_wconf 86' lang='lat' dir='ltr'><strong>quispiam</strong></span> <span class='ocrx_word' id='word_1_201' title='bbox 976 3122 1085 3177; x_wconf 88' lang='lat' dir='ltr'><strong>aut</strong></span> <span class='ocrx_word' id='word_1_202' title='bbox 1114 3119 1490 3199; x_wconf 85' lang='lat' dir='ltr'><strong>cognoscat,</strong></span> <span class='ocrx_word' id='word_1_203' title='bbox 1529 3104 1665 3172; x_wconf 84' lang='lat' dir='ltr'><strong>fieri</strong></span> <span class='ocrx_word' id='word_1_204' title='bbox 1701 3127 1832 3170; x_wconf 87' lang='lat' dir='ltr'><strong>non</strong></span> <span class='ocrx_word' id='word_1_205' title='bbox 1867 3112 2104 3192; x_wconf 80' lang='lat' dir='ltr'><strong>potcst3</strong></span> <span class='ocrx_word' id='word_1_206' title='bbox 2140 3110 2251 3164; x_wconf 89' lang='lat' dir='ltr'><strong>aut</strong></span> <span class='ocrx_word' id='word_1_207' title='bbox 2271 3095 2470 3164; x_wconf 86' lang='lat' dir='ltr'><strong>veluti</strong></span> 
     </span>
     <span class='ocr_line' id='line_1_27' title="bbox 423 3213 2471 3307; baseline -0.013 -14"><span class='ocrx_word' id='word_1_208' title='bbox 423 3224 714 3292; x_wconf 85' lang='lat' dir='ltr'><strong>animalia</strong></span> <span class='ocrx_word' id='word_1_209' title='bbox 742 3222 806 3287; x_wconf 91' lang='lat' dir='ltr'><strong>in</strong></span> <span class='ocrx_word' id='word_1_210' title='bbox 838 3217 996 3285; x_wconf 89' lang='lat' dir='ltr'><strong>mari</strong></span> <span class='ocrx_word' id='word_1_211' title='bbox 1018 3215 1337 3307; x_wconf 83' lang='lat' dir='ltr'><strong>degentia,</strong></span> <span class='ocrx_word' id='word_1_212' title='bbox 1372 3223 1481 3281; x_wconf 85' lang='lat' dir='ltr'><strong>aut</strong></span> <span class='ocrx_word' id='word_1_213' title='bbox 1510 3232 1878 3284; x_wconf 87' lang='lat' dir='ltr'><strong>numerum,</strong></span> <span class='ocrx_word' id='word_1_214' title='bbox 1917 3220 2027 3273; x_wconf 84' lang='lat' dir='ltr'><strong>aut</strong></span> <span class='ocrx_word' id='word_1_215' title='bbox 2058 3226 2317 3296; x_wconf 77' lang='lat' dir='ltr'><strong>genera,</strong></span> <span class='ocrx_word' id='word_1_216' title='bbox 2356 3213 2471 3268; x_wconf 83' lang='lat' dir='ltr'><strong>aut</strong></span> 
     </span>
     <span class='ocr_line' id='line_1_28' title="bbox 422 3315 2471 3406; baseline -0.015 -7"><span class='ocrx_word' id='word_1_217' title='bbox 422 3330 875 3404; x_wconf 83' lang='lat' dir='ltr'><strong>differentiam,</strong></span> <span class='ocrx_word' id='word_1_218' title='bbox 921 3337 1032 3390; x_wconf 88' lang='lat' dir='ltr'><strong>aut</strong></span> <span class='ocrx_word' id='word_1_219' title='bbox 1069 3342 1435 3397; x_wconf 76' lang='lat' dir='ltr'><strong>mensuram</strong></span> <span class='ocrx_word' id='word_1_220' title='bbox 1487 3340 1666 3406; x_wconf 67' lang='lat' dir='ltr'><strong>oquae</strong></span> <span class='ocrx_word' id='word_1_221' title='bbox 1707 3315 1884 3403; x_wconf 71' lang='lat' dir='ltr'><strong>ejus»,</strong></span> <span class='ocrx_word' id='word_1_222' title='bbox 1943 3323 2053 3380; x_wconf 88' lang='lat' dir='ltr'><strong>aut</strong></span> <span class='ocrx_word' id='word_1_223' title='bbox 2101 3326 2471 3376; x_wconf 85' lang='lat' dir='ltr'><strong>mensuram</strong></span> 
     </span>
     <span class='ocr_line' id='line_1_29' title="bbox 421 3405 2466 3523; baseline -0.016 -18"><span class='ocrx_word' id='word_1_224' title='bbox 421 3438 547 3504; x_wconf 89' lang='lat' dir='ltr'><strong>loci</strong></span> <span class='ocrx_word' id='word_1_225' title='bbox 587 3435 725 3523; x_wconf 74' lang='lat' dir='ltr'><strong>ejus</strong></span> <span class='ocrx_word' id='word_1_226' title='bbox 768 3429 1158 3519; x_wconf 78' lang='lat' dir='ltr'><strong>impossibile</strong></span> <span class='ocrx_word' id='word_1_227' title='bbox 1203 3438 1301 3490; x_wconf 83' lang='lat' dir='ltr'><strong>est</strong></span> <span class='ocrx_word' id='word_1_228' title='bbox 1341 3423 1450 3487; x_wconf 90' lang='lat' dir='ltr'><strong>ulli</strong></span> <span class='ocrx_word' id='word_1_229' title='bbox 1507 3420 1842 3486; x_wconf 87' lang='lat' dir='ltr'><strong>hominum</strong></span> <span class='ocrx_word' id='word_1_230' title='bbox 1888 3405 2466 3498; x_wconf 73' lang='lat' dir='ltr'><strong>comprehendet-03</strong></span> 
     </span>
     <span class='ocr_line' id='line_1_30' title="bbox 426 3521 2472 3626; baseline -0.014 -20"><span class='ocrx_word' id='word_1_231' title='bbox 426 3555 533 3607; x_wconf 91' lang='lat' dir='ltr'><strong>aut</strong></span> <span class='ocrx_word' id='word_1_232' title='bbox 553 3539 746 3607; x_wconf 86' lang='lat' dir='ltr'><strong>veluti</strong></span> <span class='ocrx_word' id='word_1_233' title='bbox 786 3558 899 3626; x_wconf 89' lang='lat' dir='ltr'><strong>per</strong></span> <span class='ocrx_word' id='word_1_234' title='bbox 928 3538 1140 3598; x_wconf 73' lang='lat' dir='ltr'><strong>ae&#39;rem</strong></span> <span class='ocrx_word' id='word_1_235' title='bbox 1172 3525 1526 3591; x_wconf 86' lang='lat' dir='ltr'><strong>volantium</strong></span> <span class='ocrx_word' id='word_1_236' title='bbox 1556 3521 1914 3588; x_wconf 82' lang='lat' dir='ltr'><strong>volucrium</strong></span> <span class='ocrx_word' id='word_1_237' title='bbox 1947 3535 2327 3610; x_wconf 81' lang='lat' dir='ltr'><strong>numerum,</strong></span> <span class='ocrx_word' id='word_1_238' title='bbox 2358 3522 2472 3580; x_wconf 82' lang='lat' dir='ltr'><strong>aut</strong></span> 
     </span>
     <span class='ocr_line' id='line_1_31' title="bbox 431 3614 2474 3730; baseline -0.013 -25"><span class='ocrx_word' id='word_1_239' title='bbox 431 3662 658 3730; x_wconf 77' lang='lat' dir='ltr'><strong>genera</strong></span> <span class='ocrx_word' id='word_1_240' title='bbox 716 3653 823 3706; x_wconf 88' lang='lat' dir='ltr'><strong>aut</strong></span> <span class='ocrx_word' id='word_1_241' title='bbox 872 3634 1220 3705; x_wconf 70' lang='lat' dir='ltr'><strong>varietates⁴</strong></span> <span class='ocrx_word' id='word_1_242' title='bbox 1255 3649 1384 3693; x_wconf 91' lang='lat' dir='ltr'><strong>non</strong></span> <span class='ocrx_word' id='word_1_243' title='bbox 1431 3624 1586 3689; x_wconf 93' lang='lat' dir='ltr'><strong>licet</strong></span> <span class='ocrx_word' id='word_1_244' title='bbox 1634 3640 2067 3709; x_wconf 56' lang='lat' dir='ltr'><strong>cognoscere,</strong></span> <span class='ocrx_word' id='word_1_245' title='bbox 2120 3628 2229 3681; x_wconf 81' lang='lat' dir='ltr'><strong>aut</strong></span> <span class='ocrx_word' id='word_1_246' title='bbox 2281 3614 2474 3708; x_wconf 74' lang='lat' dir='ltr'><strong>veluti</strong></span> 
     </span>
     <span class='ocr_line' id='line_1_32' title="bbox 430 3721 2475 3829; baseline -0.016 -21"><span class='ocrx_word' id='word_1_247' title='bbox 430 3743 930 3829; x_wconf 84' lang='lat' dir='ltr'><strong>magnitudinem</strong></span> <span class='ocrx_word' id='word_1_248' title='bbox 976 3737 1159 3809; x_wconf 76' lang='lat' dir='ltr'><strong>cmii,</strong></span> <span class='ocrx_word' id='word_1_249' title='bbox 1211 3744 1320 3799; x_wconf 88' lang='lat' dir='ltr'><strong>aut</strong></span> <span class='ocrx_word' id='word_1_250' title='bbox 1362 3725 1605 3820; x_wconf 73' lang='lat' dir='ltr'><strong>positus</strong></span> <span class='ocrx_word' id='word_1_251' title='bbox 1652 3737 2008 3793; x_wconf 85' lang='lat' dir='ltr'><strong>astrorum,</strong></span> <span class='ocrx_word' id='word_1_252' title='bbox 2058 3728 2167 3817; x_wconf 77' lang='lat' dir='ltr'><strong>aut</strong></span> <span class='ocrx_word' id='word_1_253' title='bbox 2216 3721 2475 3790; x_wconf 75' lang='lat' dir='ltr'><strong>cursum</strong></span> 
     </span>
     <span class='ocr_line' id='line_1_33' title="bbox 430 3820 2476 3934; baseline -0.016 -17"><span class='ocrx_word' id='word_1_254' title='bbox 430 3868 658 3917; x_wconf 88' lang='lat' dir='ltr'><strong>eorum</strong></span> <span class='ocrx_word' id='word_1_255' title='bbox 702 3843 1002 3932; x_wconf 85' lang='lat' dir='ltr'><strong>consequi</strong></span> <span class='ocrx_word' id='word_1_256' title='bbox 1036 3839 1422 3934; x_wconf 72' lang='lat' dir='ltr'><strong>impossibile</strong></span> <span class='ocrx_word' id='word_1_257' title='bbox 1464 3848 1603 3902; x_wconf 82' lang='lat' dir='ltr'><strong>est:</strong></span> <span class='ocrx_word' id='word_1_258' title='bbox 1652 3831 1744 3906; x_wconf 73' lang='lat' dir='ltr'><strong>sic</strong></span> <span class='ocrx_word' id='word_1_259' title='bbox 1790 3848 2045 3916; x_wconf 88' lang='lat' dir='ltr'><strong>quoque</strong></span> <span class='ocrx_word' id='word_1_260' title='bbox 2088 3820 2476 3920; x_wconf 56' lang='lat' dir='ltr'><strong>impossibile</strong></span> 
     </span>
     <span class='ocr_line' id='line_1_34' title="bbox 434 3928 2478 4044; baseline -0.016 -20"><span class='ocrx_word' id='word_1_261' title='bbox 434 3968 533 4026; x_wconf 88' lang='lat' dir='ltr'><strong>est</strong></span> <span class='ocrx_word' id='word_1_262' title='bbox 559 3974 858 4022; x_wconf 79' lang='lat' dir='ltr'><strong>enarrare</strong></span> <span class='ocrx_word' id='word_1_263' title='bbox 882 3961 1008 4044; x_wconf 35' lang='lat' dir='ltr'><strong>‘aut</strong></span> <span class='ocrx_word' id='word_1_264' title='bbox 1034 3943 1348 4037; x_wconf 80' lang='lat' dir='ltr'><strong>explicare</strong></span> <span class='ocrx_word' id='word_1_265' title='bbox 1382 3940 1629 4010; x_wconf 85' lang='lat' dir='ltr'><strong>divitias</strong></span> <span class='ocrx_word' id='word_1_266' title='bbox 1662 3932 2163 4006; x_wconf 82' lang='lat' dir='ltr'><strong>Christianorum</strong></span> <span class='ocrx_word' id='word_1_267' title='bbox 2198 3928 2478 4034; x_wconf 59' lang='lat' dir='ltr'><strong>immen-</strong></span> 
     </span>
    </p>
   </div>
  </div>
 </body>
</html>
