2982 4885
643 499 769 580 412
1318 517 1367 560 s.
1418 515 1683 563 uacua
1725 515 1998 568 annm

637 632 911 701 metibus
940 631 1275 699 criminum
1296 633 1536 697 animas
1553 680 1571 707 ,
1595 644 2004 719 mentesque,
2032 632 2165 698 heu
2188 654 2296 702 me
2317 638 2332 702 Ι
2367 636 2676 728 ipsorum,

637 740 1001 804 tenebrosas
1034 751 1096 804 et
1118 738 1313 803 foedas
1347 738 1598 812 reddit3
1634 749 1786 802 tunc
1811 738 2001 833 etiam
2031 761 2305 828 corpora
2328 751 2674 824 maculosa,

637 843 700 907 in
734 866 1053 911 summum
1084 846 1291 930 palam
1321 843 1597 908 dedecus
1637 842 1923 907 omnium
1955 845 2158 909 oculis
2184 852 2490 916 ostendet.

721 945 959 1014 XXVI.
1015 948 1571 1027 Quemadmodum
1611 961 1755 1035 post
1795 950 2364 1036 transgressionem
2409 953 2676 1034 Adami,

635 1049 810 1117 lata
795 1073 859 1115 ιιι
890 1072 1038 1116 eum
1062 1051 1370 1116 sententia
1399 1053 1621 1116 mortis
1650 1052 1819 1139 justo
1851 1052 1967 1118 Dei
1993 1055 2217 1141 optimi
2245 1056 2507 1159 judicio,
2542 1060 2682 1148 pri-

637 1177 816 1221 mum
843 1157 1200 1222 executioni
1224 1158 1519 1222 mandata
1555 1170 1651 1222 est
1674 1157 1739 1223 in
1760 1158 1902 1251 ejus
1926 1158 2167 1235 anima,
2209 1183 2356 1226 vere
2384 1186 2500 1250 per
2535 1187 2681 1252 pec-

639 1273 855 1327 catum
896 1262 1054 1349 jam
1074 1274 1210 1326 tum
1250 1275 1539 1338 mortua,
1587 1263 2119 1329 intellectualibus
2160 1266 2296 1351 ejus
2344 1269 2675 1342 sensibus»,

638 1387 752 1452 per
782 1367 1197 1454 privationem
1230 1368 1501 1441 coelestis
1523 1378 1588 1433 et
1616 1368 1955 1456 spiritualis
1977 1369 2185 1457 gratiae
2207 1418 2222 1443 ,
2249 1371 2574 1444 extinctis,
2611 1385 2681 1437 et

641 1470 721 1534 ad
762 1482 1161 1537 mortuorum
1204 1472 1684 1540 similitudinem
1715 1475 1988 1539 redactis
2017 1475 2381 1565 :posterius
2413 1498 2562 1539 vero
2596 1476 2676 1540 ad

639 1595 870 1663 corpus
914 1599 1166 1664 quoque
1209 1600 1382 1642 mors
1427 1579 1752 1666 pervenit,
1785 1581 2047 1668 expletis
2078 1579 2393 1644 trahendo
2438 1593 2672 1665 morta-

638 1679 763 1742 lem
808 1679 1001 1745 vitam
1054 1683 1230 1747 aunis
1282 1682 1537 1769 triginta
1583 1708 1769 1773 supra
1815 1697 2166 1774 nongentos
2208 1710 2222 1746 z
2269 1685 2465 1776 sieet
2504 1707 2666 1749 nunc

638 1804 755 1867 per
782 1805 1039 1855 crucem
1062 1796 1126 1850 et
1155 1799 1423 1850 mortem
1450 1786 1789 1852 Salvatoris
1820 1789 2100 1853 humano
2130 1787 2360 1876 generi,
2384 1788 2665 1879 reconfi-

637 1885 823 1948 liatus
843 1883 1057 1961 Deus,
1099 1887 1371 1953 restituit
1401 1912 1548 1954 vere
1570 1893 1939 1957 credentem
1967 1894 2241 1959 animam
2268 1894 2468 1958 adhuc
2492 1892 2663 1958 carni

640 1986 996 2052 devinctam
1030 1988 1093 2053 in
1132 1989 1494 2055 fruitionem
1525 1995 1945 2113 spiritualium
1992 2000 2312 2066 luminum
2344 2011 2404 2062 et
2431 2009 2655 2085 myste-

636 2089 915 2165 riorum,
961 2105 1028 2157 et
1070 2092 1531 2162 intellectuales
1574 2098 1711 2184 ejus
1750 2122 1969 2166 sensus
2015 2101 2224 2166 divina
2279 2093 2420 2169 luc'e
2463 2103 2664 2192 gratiae

636 2195 922 2261 oculatos
951 2199 1194 2276 reddit,
1224 2200 1549 2289 denique
1528 2226 1739 2292 ipsum
1768 2205 1960 2270 etiam
1994 2229 2226 2296 corpus
2245 2207 2572 2300 immortali
2603 2218 2668 2271 et

637 2298 1107 2401 incorruptibili
1136 2305 1607 2374 circumvestiet
1640 2311 2638 2402 claritate..

725 2392 991 2475 XXVII.
1048 2410 1177 2490 Qui
1213 2435 1279 2478 se
1304 2413 1380 2480 ab
1413 2414 1539 2481 hoc
1563 2403 1804 2483 mundo
1836 2423 2063 2507 procul
2093 2431 2335 2491 tenent,
2367 2408 2626 2485 sanct'e
2611 2430 2671 2483 et

639 2533 718 2577 ex
737 2501 1046 2581 virtutum
1073 2519 1455 2607 praescriptis
1488 2517 1802 2599 viventes3
1842 2526 2043 2591 adhuc
2070 2537 2272 2586 tamen
2305 2523 2673 2596 velamento

635 2617 1191 2702 perturbationum
1233 2622 1614 2700 inumbrati;
1664 2627 1768 2691 cui
1804 2630 2098 2702 miseriae,
2142 2637 2397 2715 propter
2437 2618 2672 2691 inobe-

638 2717 939 2783 dientiam
982 2726 1354 2812 protoplasti
1397 2730 1653 2795 obnoxii
1705 2756 1927 2799 omnes
1981 2756 2197 2799 sumus
2239 2756 2255 2796 ε
2297 2733 2533 2796 carnali
2574 2732 2667 2795 in-

640 2841 860 2906 quam,
900 2822 1172 2909 subjecti
1220 2830 1463 2905 sensui,
1486 2855 1685 2918 quem
1708 2835 2045 2924 Apostolus
2065 2840 2373 2905 «Mortem
2396 2864 2421 2898 ι
2447 2837 2661 2901 merito

641 2925 993 3012 appellat,
933 2923 993 2967 ¹·
978 2928 1088 2991 ·hi
1120 2929 1354 2996 similes
1387 2950 1535 3000 sunt
1557 2936 1918 3003 hominibus
1943 2951 2138 3002 noctu
2171 2941 2292 3004 iter
2318 2922 2669 3030 agentibuS,

638 3030 717 3092 ad
769 3029 983 3093 lucem
1029 3019 1383 3111 astrorum,
1429 3061 1569 3124 quae
1611 3056 1760 3105 sunt
1811 3042 1925 3106 Dei
1970 3054 2307 3129 praecepta.
2376 3042 2662 3125 Quandiu
2703 3038 2719 3049 ’

635 3129 806 3195 enim
835 3136 1117 3199 nondum
1146 3141 1427 3223 perfecte
1457 3141 1705 3204 liberati
1736 3165 1769 3205 a
1809 3143 2089 3208 tenebris
2124 3159 2309 3222 sunt,
2344 3149 2509 3212 clare
2538 3169 2663 3210 om-

637 3235 740 3301 nia
770 3239 1127 3348 perspicete
1150 3263 1275 3306 non
1307 3256 1587 3331 possunt.
1629 3245 1881 3324 Quibus
1904 3261 1970 3313 et
1994 3250 2330 3327 convenit,
2355 3252 2568 3317 labore
2593 3274 2662 3315 ac

638 3339 800 3418 fide,
845 3343 1058 3409 virtuti
1110 3351 1524 3433 attendendo,
1574 3373 1756 3417 orare
1788 3352 2115 3421 Christum
2146 3361 2339 3423 solem
2375 3358 2662 3443 justitiae,

636 3459 712 3511 ut
739 3448 1054 3516 illuminet
1081 3454 1325 3517 cordn‘
1308 3478 1326 3517 ι
2256 3475 2303 3527 te
2335 3462 2668 3547 pervidere

640 3566 872 3619 cuncta
893 3603 912 3630 ,
937 3561 1002 3620 e't
1024 3543 1326 3644 spirituali
2281 3587 2393 3629 nos
2417 3566 2670 3651 varium

640 3670 828 3746 atque
862 3660 1317 3750 multiplicem3
2256 3657 2668 3759 pulchritudi-

638 3784 751 3825 nes
781 3785 1039 3832 arcauas
1072 3768 1411 3835 ineffabius
1435 3801 1502 3837 et
1531 3801 1777 3840 decorus
1799 3801 1866 3839 et
1885 3801 2248 3865 voluptatis,
2276 3797 2405 3862 quo
2428 3773 2666 3840 scilicet

635 3863 827 3971 modo
865 3870 1046 3935 valde
1084 3874 1397 4006 provectis
1429 3875 1495 3940 in
1527 3876 1795 3955 virtute,
1830 3891 1893 3945 et
1923 3903 2195 3974 quorum
2227 3879 2526 3974 cordibus
2562 3879 2666 3951 lu-

707 3996 899 4051 ¹.Rom
927 4016 1010 4058 vu,
1038 4004 1118 4080 ²⁴,-
1734 4073 1800 4120 4
1884 4076 2019 4108 W·
