2982 4885
652 470 781 556 578
1448 488 1498 531 s.
1555 486 1909 533 rnussnn

649 603 917 671 finitum.
986 603 1126 692 Ipsa
1175 603 1345 675 enim
1408 603 1603 669 veluti
1664 602 2032 692 poenitentia
2097 600 2287 680 ficta,
2346 624 2481 673 non
2543 632 2687 679 vera

647 709 899 775 inventa
922 720 1055 785 est,
1091 732 1238 774 cum
1271 710 1449 775 audit
1471 734 1509 774 a
1543 709 1818 775 Domino
1847 731 1863 771 ε
1917 735 1942 768 ι
1974 706 2201 773 Omnis
2231 710 2343 797 qui
2377 714 2687 782 occiderit

641 815 884 891 ‚Ca’im
942 828 1187 904 septem
1230 814 1540 881 vindictas
1586 813 1968 902 persolvet¹.
2016 841 2042 874 ι
2094 814 2278 881 Unde
2317 829 2384 882 et
2432 819 2684 907 signum

575 984 580 987 .
639 921 927 1009 accipere
957 922 1186 986 meruit
1208 919 1965 1008 propterpoenitudinem
1985 966 2003 991 ,
2029 919 2081 982 si
2114 933 2326 989 tamen
2358 923 2545 1011 digna
2570 927 2682 990 bo—

636 1048 864 1091 norum
888 1048 1153 1115 operum
1180 1026 1310 1113 jam
1345 1047 1494 1089 eum
1530 1024 1936 1088 fructuositas
1967 1036 2377 1110 sequeretur,
2410 1028 2523 1092 sed
2551 1052 2675 1094 non

631 1130 981 1197 invenimus
1038 1129 1319 1196 fructum
1372 1130 1691 1194 bonorum
1753 1128 1818 1192 in
1878 1150 1958 1191 eo
2026 1128 2410 1215 poenitentiae
2478 1156 2672 1219 usque

630 1234 820 1299 fuisse
846 1283 864 1310 ,
897 1247 1136 1322 quanto
1167 1233 1368 1321 magis
1415 1235 1495 1298 de
1534 1254 1765 1320 genere
1800 1230 1964 1296 illius
1995 1254 2253 1299 omnem
2285 1236 2670 1324 impietatem

624 1339 842 1428 potius
890 1341 1269 1429 pullulasse,
1325 1339 1431 1426 qui
1479 1351 1623 1427 post
1666 1359 1816 1401 eum
1859 1337 2140 1402 haeredes
2189 1339 2520 1427 impietatis
2554 1366 2667 1431 pa-

631 1459 853 1521 ternae,
889 1457 952 1511 ct
991 1443 1395 1519 immanitatis
1431 1441 1591 1508 tanti
1629 1441 1884 1506 sceleris
1930 1442 2309 1518 existentes,
2349 1466 2492 1509 cum
2533 1469 2660 1512 nou

625 1553 940 1616 malorum
978 1572 1236 1614 suorum
1272 1546 1732 1636 poenitudinem
1764 1568 1984 1633 gerere
2018 1547 2390 1622 voluissent,
2429 1572 2667 1616 annun-

624 1656 819 1721 tiante
852 1654 942 1720 eis
965 1655 1099 1721 Noe
1123 1655 1315 1719 *beato
1336 1700 1354 1726 ,
1389 1662 1862 1740 perseverantes
1899 1649 1963 1714 in
2005 1652 2244 1715 scelere
2278 1652 2415 1715 diro
2445 1653 2662 1720 mortis

626 1760 883 1826 interitu
910 1783 1022 1847 per
1046 1757 1353 1823 diluvium
1377 1756 1708 1844 perierunt
1733 1802 1750 1827 ,
1784 1753 2063 1840 exceptis
2087 1766 2234 1818 octo
2269 1755 2493 1820 animis
2525 1770 2669 1822 tan-

623 1866 952 1930 tummodo
980 1876 1130 1928 tunc
1161 1861 1491 1949 temporis,
1515 1860 1624 1947 qui
1656 1860 1734 1922 de
1758 1880 1991 1945 genere
2014 1871 2375 1922 sanctorum
2402 1859 2663 1926 fuerunt

622 1969 805 2041 editi,
832 1968 940 2053 qni
973 1976 1346 2033 meruerunt
1362 1965 1710 2052 procellam
1732 1963 1846 2028 soli
1874 1963 2031 2028 tanti
2065 1962 2323 2049 periculi
2345 1963 2650 2030 devitare.

907 2192 1019 2244 CV.
1057 2192 1148 2242 ΒΕ
1184 2191 1459 2244 srnnms
1494 2194 1705 2245 COELO
1742 2194 2012 2248 fflnxts
2048 2193 2377 2246 HAERBSlS.

709 2384 833 2450 Esn-
886 2382 1138 2450 haeresis
1171 2433 1189 2460 ,
1260 2407 1401 2473 quae
1453 2387 1665 2451 stellas
1727 2384 1947 2454 infixas
1992 2399 2177 2475 putat
2232 2409 2372 2454 esse
2419 2389 2484 2455 in
2533 2412 2663 2458 οω-

612 2490 747 2556 lum
786 2488 953 2579 (19),
990 2513 1122 2556 non
1156 2491 1235 2555 de
1276 2491 1587 2557 thesauris
1626 2493 1909 2582 locisque
1941 2494 2372 2572 absconditis,
2411 2511 2590 2584 atque
2621 2520 2657 2563 a

627 2598 759 2660 Deo
784 2595 1098 2684 dispositis
1117 2595 1186 2678 xin
1208 2617 1542 2683 vesperum
1558 2596 1734 2682 jussu
1754 2597 1966 2662 divino
1991 2607 2255 2686 repente
2283 2600 2650 2687 procedere,

616 2698 995 2784 statutisque
1063 2698 1233 2765 horis
1298 2724 1414 2766 suo
1475 2701 1716 2766 lumine
1775 2701 2043 2766 cursum⁴
2106 2704 2656 2793 ministeriumque

620 2800 933 2866 indictum
976 2785 1321 2891 agnoscere
1370 2830 1386 2871 ε
1428 2809 1603 2894 quod
1642 2807 2030 2888 contrarium
2070 2809 2476 2898 alienumque
2512 2811 2660 2884 fidei

612 2903 942 2970 catholicae
977 2907 1326 2986 invenitur,
1398 2910 1451 2976 si
1508 2910 1593 2977 ita
1641 2914 1780 3003 quis
1821 2912 2125 2990 senserit,
2174 2916 2489 3002 magisque
2542 2936 2657 2999 pa·

608 3031 788 3096 ganae
823 3010 1135 3088 vanitatis.
1170 3026 1236 3078 et
1263 3015 1791 3105 philosophorum
1826 3018 2028 3083 inanis
2060 3019 2376 3084 sententiae
2397 3066 2416 3091 ,
2448 3031 2651 3103 quam

495 3159 500 3162 -
607 3115 969 3184 christianae
1015 3119 1294 3185 scientim
1346 3120 1583 3187 habere
1641 3123 2035 3187 consortium
2092 3121 2643 3189 demonstrabitur.

608 3218 942 3309 Scriptura
973 3220 1142 3288 enini
1168 3226 1693 3313 omnipotentiam
1723 3228 1838 3292 Dei
1863 3227 1957 3293 ’ita
1989 3231 2253 3302 edocet,
2285 3239 2358 3292 ut
2387 3227 2453 3292 in
2470 3227 2655 3294 brevi

610 3346 655 3386 e
707 3325 965 3404 diversis
1012 3328 1321 3395 thesauris
1368 3351 1754 3396 concurrere
1805 3345 1993 3420 atque
2053 3333 2405 3397 discurrere
2452 3332 2654 3398 sidera

613 3428 1045 3504 nuntiaverit,
1076 3446 1580 3521 ornamentoque
1612 3435 1754 3505 cali
1789 3437 2121 3524 noctisque
2158 3449 2230 3502 ut
2272 3437 2434 3502 lucis
2468 3459 2657 3502 causa

605 3552 691 3594 ex
724 3544 904 3620 parte
944 3532 1071 3616 sint
1107 3556 1141 3599 a
1182 3535 1316 3629 Deo
1350 3539 1627 3625 praestita
1671 3552 1858 3626 atque
1884 3543 2297 3605 commodata
2319 3589 2337 3615 ‚
2373 3541 2659 3606 diversis-

607 3657 739 3722 que
764 3638 1064 3730 horarum
1098 3631 1313 3729 spatiis
1336 3693 1356 3718 ,
1393 3647 1565 3711 velut
1596 3649 1676 3711 ad
1697 3668 1810 3710 sua
1834 3647 1973 3711 loca
2003 3669 2259 3710 rursum
2288 3647 2496 3711 redire
2528 3659 2660 3711 sta·-

603 3751 748 3810 ffla
779 3743 938 3820 sint,
974 3758 1045 3810 ut
1073 3770 1111 3812 e
1142 3748 1373 3835 quibus
1402 3748 1560 3816 locis
1583 3751 1752 3815 exire
1789 3750 2098 3839 jubentur
2131 3750 2418 3837 quotidie
2440 3799 2457 3827 ,
2481 3754 2665 3817 adea

605 3845 755 3911 loca
803 3849 1031 3917 reverti
1093 3851 1327 3919 iterum
1376 3854 1751 3942 praesidente
1789 3854 2031 3947 Angelo
2073 3867 2141 3920 et
2192 3857 2657 3944 compellente,

675 3991 696 4018 ¹
726 3978 853 4034 Gen.
882 4001 948 4045 iv,
983 3989 1060 4042 ⁸5.
