2982 4885
665 473 796 545 336
1341 469 1391 513 s.
1445 459 1709 510 uacum
1756 451 2026 503 flerem

666 613 762 680 rio
784 605 1050 674 fratrum
1079 601 1188 657 aut
1212 605 1403 674 opere
1432 581 1579 657 alio,
1615 576 1788 667 quod
1807 568 2165 639 secundum
2196 560 2411 629 Deum
2434 551 2532 636 fit,
2564 559 2706 624 lan-

669 713 857 806 guide
919 715 987 770 et
1039 694 1428 785 negligenter
1493 696 1777 751 versatur
1798 730 1816 756 ‚
1872 677 1976 745 hic
2035 673 2111 738 ab
2166 668 2475 757 Apostolo
2532 666 2707 755 piger

673 823 905 889 diserte
963 818 1258 876 vocatus,
1324 798 1458 886 ipso
1500 813 1751 881 quoque
1796 807 1959 874 pane
2004 779 2302 867 indignus
2349 770 2706 865 pronuntia-

665 919 789 994 tur.
848 914 1021 985 Dixit
1076 907 1248 975 enim
1296 925 1314 966 ε
1358 898 1532 978 «Qui
1577 918 1706 960 non
1752 885 2032 963 laborat,
2078 906 2198 948 nec
2251 875 2626 946 manducet¹
2666 901 2692 934 ι

663 1031 746 1098 Et
778 1022 925 1092 alibi
953 1045 968 1084 ε
994 1014 1249 1101 «Pigros
1263 1018 1472 1071 autem
1497 1002 1667 1068 Deus
1693 996 1849 1071 odit,
1889 1022 1913 1053 ι
1932 1004 1996 1059 et
2012 1016 2031 1067 3
2082 1018 2107 1049 α
2129 988 2317 1075 Piger
2346 1006 2458 1049 nec
2497 979 2712 1045 fidelis

693 1153 879 1198 «esse
923 1130 1149 1213 potest.
1176 1142 1200 1175 ι
1240 1113 1321 1179 Et
1364 1105 1685 1197 Sapientia
1721 1128 1736 1167 :
1789 1099 2092 1165 «Multam
2143 1090 2444 1157 malitiam
2491 1083 2714 1150 docuit

679 1270 703 1301 ι
724 1233 1001 1305 otiositas
1018 1226 1064 1290 ².
1091 1252 1116 1284 ι
1136 1216 1449 1286 Convenit
1475 1212 1665 1301 igitur
1682 1221 2229 1291 unumquemque,
2254 1196 2717 1283 qualecumque

682 1364 867 1434 opus,
904 1331 1078 1423 quod
1113 1325 1233 1395 Dei
1283 1342 1468 1389 causa
1509 1316 1683 1389 facit,
1719 1312 2047 1378 fructuose
2079 1324 2299 1391 agere:
2334 1320 2405 1362 ac
2442 1296 2721 1381 diligen·-

677 1448 832 1516 tiam
856 1438 1116 1508 cuilibet
1133 1427 1365 1502 actioni
1387 1426 1571 1491 bonae
1602 1417 1995 1508 impendere,
2030 1433 2112 1476 ne
2143 1421 2432 1493 tanquam
2464 1400 2725 1465 infruc-

682 1568 903 1620 tuosus
933 1540 1192 1611 omnino
1225 1543 1511 1622 repertus
1533 1580 1549 1606 ,
1583 1522 1755 1591 omni
1784 1539 2042 1611 prorsus
2084 1506 2569 1604 participatione
2604 1503 2724 1567 bo·

690 2173 1148 2252 ostendet-eque
1180 2173 1246 2226 et
1279 2178 1494 2223 errore
1525 2143 1758 2219 mentis
1800 2147 2095 2212 laborare
2135 2141 2303 2229 ipsos
2323 2187 2341 2213 ‚
2376 2150 2440 2203 et
2475 2137 2625 2201 salso
2655 2157 2726 2199 ac

688 2278 1045 2374 periculose
1075 2266 1268 2356 loqui.
1306 2262 1412 2330 Ait
1447 2259 1619 2325 enim
1650 2253 1962 2321 Dominus
2003 2271 2018 2312 ε
2063 2275 2087 2307 α
2114 2248 2331 2311 Estote
2363 2256 2428 2308 et
2458 2263 2563 2307 vos
2592 2263 2728 2327 per-

692 2419 718 2454 »
737 2384 911 2459 sceti,
945 2381 1107 2447 sicut
1126 2375 1314 2440 Pater
1344 2378 1551 2433 vester
1582 2357 1856 2427 coelestis
1884 2353 2213 2446 perfectus
2238 2347 2391 2415 est⁸.
2422 2376 2446 2408 ι
2474 2346 2732 2411 Plenam

690 2491 1172 2570 absolutamque
1204 2475 1543 2567 puritatem
1581 2491 1696 2557 per
1724 2465 1859 2529 haec
1895 2460 2204 2527 indicans,
2248 2456 2330 2520 Et
2367 2479 2382 2519 ε
2423 2452 2623 2517 «Volo
2662 2463 2736 2514 ut

698 2596 853 2663 »ubi
889 2614 1031 2659 sum
1064 2608 1204 2673 ego,
1252 2577 1418 2646 ethi
1464 2575 1587 2640 sint
1629 2591 1919 2643 mecum,
1961 2577 2033 2630 ut
2075 2562 2333 2627 videant
2384 2556 2736 2623 claritatem

702 2696 1015 2768 »meam⁴.
1065 2692 1214 2755 Haec
1249 2683 1518 2748 affirmat
1555 2680 1628 2754 is,
1668 2675 1777 2764 qui
1820 2673 1968 2739 alias
2014 2669 2308 2735 dixerat:
2345 2664 2633 2730 «Coelum
2671 2673 2743 2725 et

698 2836 725 2871 n
744 2801 912 2872 terra
937 2786 1356 2881 transibunt⁵,
1377 2799 1499 2851 etc.
1535 2783 1819 2849 qudem
1843 2788 2089 2868 spectat
2116 2786 2182 2839 et
2214 2771 2367 2838 illud
2398 2764 2684 2857 Apostoli
2715 2790 2737 2826 ε

710 2911 830 2975 «Ut
866 2901 1276 2969 exhibeamus
1305 2890 1634 2958 hominem
1661 2886 2024 2979 perfectum
2058 2882 2122 2947 in
2176 2873 2485 2943 Christo⁶.
2509 2902 2534 2934 ι
2568 2871 2746 2937 Illud
2853 2844 2867 2863 ⁵

699 3030 954 3104 quoque
984 3029 1000 3071 ε
1032 3002 1294 3067 «Donec
1327 3016 1738 3063 occurramus
1773 3012 1995 3057 omnes
2037 2987 2099 3052 in
2123 2983 2417 3047 unitatem
2441 2973 2631 3048 fidei,
2668 2987 2752 3040 et

697 3108 1073 3207 »agnitionis
1100 3105 1245 3174 Filii
1295 3103 1451 3177 Dei,
1503 3101 1569 3165 in
1609 3100 1816 3164 virum
1855 3093 2200 3185 perfectum
2243 3085 2308 3149 in
2357 3101 2748 3147 mensuram

705 3258 731 3292 n
751 3222 949 3291 aetatis
974 3208 1383 3309 plenitudinis
1405 3202 1702 3281 Christi⁷‚
1742 3204 1910 3271 idem
1946 3199 2189 3267 suadet.
2220 3193 2414 3260 Porro
2453 3187 2561 3277 qui
2597 3209 2746 3276 per-

705 3330 1046 3401 fectionem
1074 3342 1203 3413 prae
1242 3312 1440 3381 oculis
1485 3309 1757 3385 habent,
1796 3307 1914 3377 illis
1946 3309 2072 3372 duo
2104 3302 2393 3391 quaedam
2429 3306 2745 3387 praestan-

704 3437 945 3505 tissima
975 3425 1227 3495 evenire
1256 3416 1581 3506 contingit.
1624 3417 1925 3483 Summus
1969 3434 2043 3478 ao
2079 3406 2432 3475 irremissus
2471 3414 2746 3468 conten-

702 3540 892 3609 tionis
916 3536 1109 3604 ardor
1137 3530 1201 3594 in
1236 3528 1443 3617 ipsum
1479 3525 1724 3616 apicem
1767 3500 2436 3615 speqhnj'us'mensurae
2468 3528 2746 3573 cursum

694 3650 760 3715 in
807 3636 1206 3711 ascendendo
1233 3630 1657 3725 persequendi
1674 3655 1693 3706 ;
1728 3640 1792 3693 et
1824 3637 1897 3691 ut
1921 3622 2216 3714 superbia
2249 3642 2330 3685 ne
2360 3614 2690 3705 capiantur
2713 3637 2739 3688 ς

769 3829 784 3851 ¹
838 3828 853 3861 ι
900 3809 1072 3860 Thess.
1106 3770 1198 3862 mi,
1248 3819 1322 3855 10.
1364 3828 1426 3839 -
1463 3813 1483 3837 ⁸
1516 3758 1683 3849 ‘Bet-li.
1730 3812 1927 3852 xxxin.
1976 3811 2057 3861 ²9·
2088 3819 2154 3830 —-
2192 3794 2215 3829 ⁵
2259 3786 2441 3840 nauh.
2467 3799 2530 3855 ,ῃ
2565 3782 2745 3842 ⁴8.—

702 3902 727 3942 ⁴
750 3896 897 3947 Joan.
923 3906 1023 3941 xvn
1041 3923 1057 3950 ,
1085 3888 1160 3947 ²4.
1200 3913 1263 3926 —
1291 3888 1312 3923 ⁸
1339 3880 1519 3938 Matth.
1547 3894 1683 3940 xxiv,
1706 3878 1790 3957 7⁷³5,
1811 3886 1860 3931 et
1883 3875 2005 3928 Luc.
2031 3890 2139 3935 xxi,
2162 3870 2243 3922 53.
2263 3896 2328 3909 —
2351 3869 2376 3905 ⁶
2405 3865 2570 3917 Colos.
2592 3881 2628 3922 ι,
2651 3863 2745 3917 ⁸8.

694 4007 758 4057 .—
783 3988 803 4030 t
828 3974 1011 4047 Ephes.
1035 3986 1103 4034 ιν,
1133 3969 1208 4023 13.
