2982 4885
642 425 766 502 η’.
1324 436 1374 483 s.
1432 423 1695 483 naman
1740 420 2009 477 AEexr‘rn

640 577 1027 631 mensnram,
1041 575 1238 643 regno
1251 554 1491 618 coelesti
1506 575 1578 618 ac
1592 553 1712 617 vita
1730 563 1959 616 aeterna
1979 550 2263 614 indoneoe
2278 547 2662 637 judicantur.

729 664 830 730 vl.
868 662 1089 726 ‚Iustus
1136 660 1308 724 enim
1347 660 1521 726 Deus
1553 669 1672 732 est,
1707 669 1773 721 ‘et
1802 656 1966 742 justa
1998 653 2234 742 judicia
2265 654 2442 741 ejus,
2474 679 2675 744 neque

641 778 965 857 respectus
987 782 1404 856 personarum
1439 765 1607 852 apud
1624 783 1774 827 eum
1787 761 2113 825 ullus:sed
2128 780 2244 846 pro
2273 759 2468 823 modo
2497 761 2680 826 bene-

642 874 962 947 ficiorum,
980 872 1110 938 sive
1131 869 1587 959 corporalium,
1609 867 1739 933 sive
1757 863 2205 953 spiritualium,
2225 863 2356 931 sive
2378 865 2679 942 scientiae,

645 979 774 1046 sive
811 979 1169 1045 intellectus
1206 975 1384 1064 (quae
1415 975 1589 1041 Deus
1627 983 1869 1037 naturae
1897 990 2151 1057 quoque
2193 967 2485 1034 humanae
2514 968 2684 1034 varie

654 1083 920 1173 indidit)
949 1081 1348 1171 judicaturus
1372 1097 1928 1167 unumquemque,
1946 1075 2189 1141 fructus
2204 1072 2448 1139 virtutis
2471 1073 2689 1161 requi-

649 1202 773 1266 ret,
786 1200 850 1254 et
873 1210 990 1277 pro
1014 1186 1317 1276 dignitate
1341 1184 1569 1251 reddet
1592 1184 1823 1271 cuique
1853 1180 2030 1269 juxta
2047 1203 2240 1269 opera
2261 1179 2430 1267 ejus3
2455 1192 2520 1245 et
2535 1178 2688 1246 «Po-

655 1326 681 1360 »
701 1308 903 1377 tentes
919 1305 1214 1383 potenter
1225 1304 1535 1358 tormenta
1554 1287 1909 1384 patientur¹
1924 1316 1977 1354 ,ι
1994 1286 2289 1356 Minimus
2317 1287 2489 1353 enim
2508 1286 2691 1353 venia

653 1422 729 1466 ac
761 1397 1194 1465 misericordia
1217 1396 1459 1487 dignus.
1483 1396 1564 1461 Et
1587 1394 1825 1463 Domin
1844 1415 1916 1459 us
1942 1393 2065 1459 ait:
2089 1418 2113 1452 ι
2130 1390 2382 1468 Servus,
2396 1391 2502 1479 qui
2536 1413 2694 1479 cog-

646 1504 868 1572 »novit
893 1506 1284 1572 voluntatem
1314 1501 1573 1570 Domini
1604 1502 1731 1579 sui,
1759 1512 1825 1567 et
1867 1521 1999 1565 non
2039 1521 2105 1565 se
2137 1495 2532 1590 praeparavit,
2569 1517 2690 1561 nec

652 1641 679 1678 ι
700 1611 852 1678 feeit
882 1612 1234 1678 secundum
1255 1611 1647 1677 voluntatem
1676 1606 1841 1695 ejus,
1877 1603 2078 1693 plagis
2106 1601 2429 1691 vapulabit
2450 1600 2685 1667 multis.

657 1747 684 1784 ι
706 1718 833 1800 Qui
865 1730 1081 1783 autem
1110 1737 1238 1781 non
1267 1715 1588 1802 cognovit,
1628 1724 1694 1776 et
1722 1710 1872 1774 fecit
1905 1709 2090 1794 digna
2114 1708 2336 1795 plagis,
2377 1703 2702 1797 vapulabit

657 1820 945 1912 »paucis.
986 1819 1182 1884 Porro
1230 1817 1617 1902 cuicumque
1668 1814 1943 1877 multum
1990 1810 2207 1874 datum
2253 1823 2385 1886 est,
2420 1816 2705 1880 multum

657 1933 1024 2011 »quaeretur
1050 1918 1130 1983 ab
1161 1939 1266 1993 eo,
1300 1929 1366 1982 et
1409 1916 1519 1981 cui
1563 1914 2168 1980 commendaverunt
2206 1914 2524 1989 multum,
2554 1920 2708 2003 plus

656 2036 928 2117 »petent
963 2021 1152 2118 abheo
1167 2019 1251 2087 ’.ι
1283 2018 1627 2087 Scientiam
1674 2029 1892 2082 autem
1939 2028 2006 2082 et
2046 2014 2445 2083 intellectum
2500 2016 2707 2085 diver·

656 2131 900 2199 simode
951 2127 1257 2223 intellige,
1288 2138 1420 2194 tam
1465 2126 1818 2195 secundum
1857 2122 2126 2214 gratiam
2168 2136 2237 2189 et
2278 2124 2523 2189 donum
2575 2146 2700 2191 coe·

653 2238 820 2306 leste
869 2233 1138 2327 Spiritus
1161 2285 1181 2313 ,
1238 2253 1430 2323 quam
1472 2231 1828 2299 secundum
1886 2229 2241 2295 naturalem
2296 2247 2701 2318 progressum

656 2344 1033 2411 intellectus
1062 2354 1131 2408 et
1157 2337 1581 2414 discretionis,
1604 2348 1794 2424 atque
1828 2358 1868 2401 e
1906 2332 2100 2400 sacris
2120 2332 2372 2401 Litteris
2403 2334 2699 2425 profectae

663 2448 1105 2519 institutionis.
1163 2446 1261 2514 Ab
1319 2464 1707 2532 unoquoque
1763 2440 1936 2508 enim
1990 2452 2405 2530 reposcantur
2458 2441 2698 2511 fructus

661 2555 945 2630 virtutis,
979 2574 1095 2643 pro
1124 2554 1319 2619 modo
1344 2573 1377 2615 a
1413 2551 1552 2615 Deo
1590 2547 1655 2613 in
1695 2570 1762 2613 se
1803 2547 2181 2613 collatorum
2214 2546 2697 2630 beneficiorum,

663 2663 799 2734 sive
847 2657 1264 2730 naturalium,
1305 2654 1433 2719 sive
1465 2677 1499 2718 a
1534 2654 1745 2721 divit.
1773 2653 1969 2741 gratia
2011 2674 2479 2721 concessorum.
2518 2654 2700 2722 Inex-

672 2762 977 2832 cusabilis
1008 2773 1158 2847 ergo
1186 2770 1283 2823 est
1312 2756 1516 2823 omnis
1546 2756 1741 2823 homo
1779 2757 1945 2846 apud
1978 2756 2184 2823 Deum
2227 2757 2292 2824 in
2323 2760 2426 2825 die
2454 2758 2690 2848 judicii.

672 2871 726 2938 A
764 2864 1050 2957 quolibet
1079 2863 1276 2938 enim,
1306 2875 1496 2952 prout
1519 2863 1717 2941 novit,
1752 2863 1994 2929 fructus
2024 2863 2198 2943 fidei,
2225 2878 2290 2932 et
2325 2866 2700 2943 dilectionis,

672 2989 869 3061 atque
908 2969 1113 3035 omnis
1136 2969 1255 3035 sibi
1283 2991 1597 3037 concessae
1627 2972 1897 3048 virtutis,
1932 2973 2295 3041 intentionis
2317 2997 2389 3040 ac
2411 2977 2706 3040 volunta-

673 3078 755 3144 tis
807 3075 1052 3142 ratione
1084 3075 1324 3153 habita,
1369 3077 1683 3145 restitutio
1725 3081 2032 3170 exigetur,
2070 3083 2201 3150 sive
2241 3083 2455 3152 auditu
2486 3105 2707 3174 perce-

671 3182 861 3272 perit,
900 3182 1030 3248 sive
1052 3185 1668 3271 nunquamxverbum
1699 3188 1815 3256 Dei
1841 3191 2168 3261 audiverit.

763 3287 897 3356 VII.
949 3288 1175 3354 Anima
1226 3289 1395 3355 enim
1447 3289 1651 3359 fidelis
1670 3342 1689 3370 ,
1726 3318 1798 3362 ac
1846 3300 2124 3367 veritatis
2169 3325 2411 3380 amans,
2457 3302 2706 3369 intuens

670 3404 908 3457 aeterna
939 3391 1105 3457 bona
1141 3392 1325 3480 justis
1364 3397 1670 3485 reposita,
1699 3413 1885 3489 atque
1918 3404 2235 3472 ineffabile
2265 3420 2545 3473 venturae
2576 3429 2708 3495 gra-

673 3494 775 3560 tiae
795 3495 1021 3561 divinae
1043 3496 1452 3578 beneficium,
1471 3525 1538 3568 se
1555 3503 1780 3593 ipsam,
1798 3530 1870 3575 ac
1891 3510 2171 3577 studium
2186 3533 2393 3586 suum,
2418 3512 2711 3576 laborem

675 3611 864 3686 atque
893 3600 1322 3689 fatigationem
1357 3605 1680 3697 indignam
1718 3613 1937 3679 statuit
1982 3617 2226 3683 arcanis
2269 3613 2705 3705 promissioni-

672 3702 794 3769 bus
816 3704 1108 3792 Spiritus.
1136 3733 1162 3766 α
1180 3706 1300 3773 Hic
1330 3731 1572 3799 pauper
1594 3725 1689 3778 est
1718 3715 1942 3802 spiritu
1965 3768 1984 3795 ,
2013 3743 2203 3809 quem
2229 3722 2538 3788 Dominus
2568 3719 2714 3784 bea-

674 3834 700 3868 »
719 3820 857 3872 tum
875 3810 1178 3897 praedicat
1192 3812 1241 3878 ⁸:
1261 3841 1287 3875 ι
1308 3813 1412 3879 hic
1426 3817 1624 3883 esurit
1644 3831 1710 3884 et
1731 3821 1861 3887 sitit
1877 3823 2187 3910 justitiam
2209 3851 2225 3893 :
2246 3826 2354 3896 hic
2367 3838 2464 3894 est
2487 3823 2718 3894 contri·

743 3957 761 3992 ε
791 3942 909 4012 Sap.
937 3962 1005 4010 vt,
1024 3965 1073 4014 7.
1104 3977 1164 3992 -
1189 3965 1209 3990 ⁸
1239 3954 1356 4006 Luc.
1383 3970 1473 4015 ιιι,
1491 3956 1577 4024 47,
1594 3957 1677 4018 48.
1702 3988 1766 4000 -
1787 3963 1813 3999 ²
1829 3963 2008 4018 unuh.
2033 3982 2082 4026 r,
2103 3968 2152 4018 ³.
