2982 4885
884 539 962 578 nr.
1011 533 1401 591 BLBVATLONE
1452 536 1696 581 unna-1³.
2184 517 2263 605 37
2278 542 2304 585 1

285 655 555 721 necdum
589 653 661 719 iis
695 656 883 741 plane
918 653 1153 719 relictis
1182 652 1347 718 seras
1386 653 1686 741 prosecta.
1728 653 1998 722 Sanctus
2031 678 2222 744 porro
2265 658 2317 724 ia
2408 704 2409 707 κ

287 762 539 824 demum
576 771 707 833 cst,
758 759 864 846 qui
919 772 1014 823 est
1049 756 1481 823 sanctificatus
1527 770 1592 821 et
1636 757 1999 827 interiorem
2037 762 2318 850 perfecte

284 878 620 953 purgatum
665 866 858 930 habet
895 864 1238 929 hominem.
1287 862 1541 929 Etenim
1580 863 1802 949 aliquis
1842 865 2144 941 fratrum,
2193 892 2319 934 una
2424 872 2427 875 ’

284 974 471 1037 simul
497 996 646 1037 eum
679 973 813 1037 aliis
835 973 1214 1059 quibusdam
1242 971 1543 1036 fratribus
1574 993 1783 1047 erana,
1815 971 2023 1035 divina
2049 976 2323 1061 captiva-

286 1090 384 1141 tus
419 1078 512 1152 vi,
547 1091 609 1141 et
633 1091 848 1165 raptus
869 1129 886 1153 ,
923 1078 1079 1144 vidit
1112 1099 1450 1165 supernam
1482 1075 1804 1140 civitatem
1838 1075 2188 1143 Jerusalem
2209 1129 2223 1152 ,
2260 1093 2325 1145 et

286 1183 550 1258 lucidaS,
591 1206 730 1270 quae
759 1184 886 1248 illic
917 1196 1086 1257 sunt,
1115 1186 1364 1257 domos,
1393 1193 1456 1247 et
1485 1185 1698 1246 lucem
1728 1182 2104 1249 immensam
2136 1199 2327 1273 atque

289 1287 689 1353 ineffabilem.
749 1288 967 1353 Audiit
1012 1310 1265 1375 quoque
1306 1309 1529 1353 vocem
1581 1287 1900 1353 dicentem
1957 1290 2129 1355 hunc
2191 1316 2327 1357 esse

289 1396 500 1458 locum
540 1394 853 1479 justorum
897 1393 1176 1479 requiei;
1213 1391 1440 1458 deinde
1479 1390 1734 1456 inflatus
1767 1406 1832 1457 et
1872 1414 2100 1481 magna
2148 1399 2224 1459 de
2265 1420 2331 1460 se

295 1520 719 1585 praesumem,
756 1498 820 1560 in
862 1520 1047 1583 grave
1094 1497 1315 1561 incidit
1353 1509 1726 1586 peecatum,
1771 1511 1834 1561 et
1866 1500 2082 1562 multis
2116 1523 2330 1564 conse-

293 1614 566 1689 quenter
608 1600 962 1688 implicatus
996 1612 1093 1665 est
1133 1601 1332 1666 malis,
1383 1600 1449 1666 Si
1487 1624 1639 1690 ergo
1682 1602 1787 1671 hic
1830 1601 1915 1666 ita
1953 1604 2163 1691 lapsus
2198 1616 2333 1681 est,

296 1709 621 1793 quomodo
659 1707 892 1795 poterit
935 1731 973 1773 e
1009 1710 1195 1794 vulgo
1235 1708 1457 1795 aliquis
1499 1709 1757 1778 dicere:
1801 1708 2337 1795 Quandoquidem

297 1811 552 1898 jejuno,
600 1825 665 1877 et
712 1815 1208 1900 peregredego,
1248 1825 1314 1877 et
1351 1813 1684 1879 facultates
1728 1834 1900 1878 meas
1952 1814 2335 1902 dispertior3

293 1930 723 2005 praetereaque
761 1941 793 1982 a
826 1940 1013 2007 supra
1047 1918 1415 1983 memoratis
1443 1918 1757 1985 custodivi
1787 1940 1893 1983 me
1926 1922 2144 1995 maliS,
2184 1910 2341 1986 nihil

291 2024 579 2112 profecto
614 2026 826 2099 deest,
859 2024 1199 2111 quominus
1247 2046 1364 2112 ego
1404 2042 1658 2111 quoque
1689 2039 1944 2092 sanctus
1974 2013 2092 2091 siin
2122 2027 2150 2091 P
2190 2028 2342 2093 Ete-

295 2131 428 2196 nim
459 2155 586 2196 non
618 2132 696 2197 ab
730 2133 1177 2219 apparentibus
1208 2131 1390 2196 malis
1426 2133 1807 2198 abstinentia
1833 2181 1850 2207 ,
1885 2145 1982 2198 est
2007 2134 2337 2222 perfectio,

299 2236 391 2298 uti
426 2235 666 2299 dietum
685 2247 825 2306 ’θεὶς
861 2238 971 2299 sed
1003 2235 1234 2299 mentis
1266 2237 1558 2320 purgatio
1581 2283 1598 2308 ,
1634 2259 1834 2321 eaque
1854 2238 2154 2321 perfecta.

392 2338 573 2405 XXI.
630 2338 779 2401 Haec
813 2338 921 2422 qui
944 2351 1199 2422 reputas
1219 2381 1237 2409 .
1267 2337 1624 2423 ingredere,
1653 2338 1774 2412 aio,
1803 2362 1919 2425 per
1946 2352 2249 2404 attentam
2281 2343 2346 2406 in

304 2441 720 2531 cogitationes
758 2454 896 2506 tuas
927 2440 1225 2527 vigiliam,
1262 2439 1514 2527 penitus
1540 2440 1704 2505 intra
1733 2441 2044 2527 captivam
2076 2456 2249 2507 tuam
2284 2459 2349 2511 ot

305 2570 549 2614 servam
585 2547 833 2634 peccati
855 2558 1136 2610 mentem
1164 2571 1181 2619 3
1216 2557 1282 2611 et
1312 2546 1454 2610 vide
1481 2544 1651 2610 illam
1676 2545 1887 2611 adhuc
1916 2547 2075 2613 infra
2109 2550 2350 2638 cogita-

267 2641 286 2654 *
304 2656 512 2721 tiones
540 2655 701 2741 ipsas
723 2654 788 2718 i'n
814 2652 979 2727 imis,
1007 2675 1147 2740 quoe
1173 2652 1498 2727 dicuntur,
1527 2652 1752 2717 animae
1775 2641 2201 2742 penetralibus
2228 2669 2348 2722 tuae

307 2762 705 2827 nidulantem
747 2779 1015 2848 anguem
1047 2785 1063 2833 ;
1098 2757 1714 2844 interficientemque
1748 2770 1815 2828 te,
1848 2782 1963 2823 suo
1995 2759 2347 2828 inficiendis

309 2891 554 2934 veneno
591 2866 899 2956 primariis
925 2865 1147 2930 animae
1181 2878 1302 2931 tuae
1332 2864 1657 2932 membris·
1698 2861 1981 2952 Abyssus
2002 2866 2171 2930 enim
2200 2891 2348 2933 vere

311 2973 733 3038 inscrutabilis
769 2995 880 3036 cor
910 2984 1024 3036 cst.
1072 2971 1135 3036 Si
1182 2992 1332 3059 ergo
1378 2971 1553 3038 hunc
1584 2969 1908 3045 occidisti,
1952 2971 2001 3035 si
2039 2986 2351 3059 quantum
2458 2971 2467 2982 ’

307 3088 448 3144 erat
480 3082 541 3143 in
571 3089 638 3142 le
661 3077 1006 3164 iniquitatis
1027 3125 1045 3150 ‚
1088 3088 1293 3141 totum
1322 3075 1725 3165 expurgasti,
1760 3089 1827 3142 et
1852 3092 2193 3166 peccatum
2225 3079 2352 3166 eje-

313 3184 489 3258 cisti,
516 3183 782 3271 gloriare
808 3182 868 3247 in
908 3184 1043 3247 Deo
1076 3185 1155 3248 de
1180 3182 1472 3271 puritate.
1515 3182 1625 3247 Sin
1659 3182 1905 3258 minua,
1944 3184 2350 3262 humiliatuS,
2458 3222 2466 3232 ·

315 3291 405 3354 uti
444 3312 679 3378 egenus
711 3300 774 3353 et
809 3301 1109 3376 peccator
1142 3290 1349 3354 adhuc
1374 3339 1392 3364 ,
1429 3289 1665 3354 accede
1704 3290 1785 3353 ad
1829 3288 2152 3352 Christum
2174 3338 2195 3362 „
2238 3311 2354 3374 pro

315 3395 581 3461 occultis
613 3395 735 3459 tuis
771 3416 979 3477 erana3
1043 3393 1322 3478 Apparet
1353 3395 1529 3458 enim
1561 3393 1923 3458 universam
1963 3403 2091 3455 tam
2130 3393 2356 3456 veteris

309 3521 506 3585 quam
541 3498 687 3562 novi
722 3494 971 3564 t'oederis
997 3495 1395 3577 scripturam
1433 3498 1510 3557 ad
1536 3496 1875 3579 puritatem
1911 3491 2226 3582 praecipue
2255 3520 2363 3561 re-

320 3605 498 3674 serrig
525 3602 760 3687 quippe
795 3619 941 3662 cum
968 3594 1141 3659 omni
1173 3594 1416 3658 homini
1449 3606 1578 3660 tum
1603 3596 1640 3658 J
1651 3600 1853 3672 udaeo,
1882 3620 2074 3683 quam
2096 3598 2349 3676 Graeco,

305 3704 631 3791 imprimis
659 3701 1010 3788 expetibilis
1044 3699 1283 3787 puritas
1312 3699 1430 3772 sit;
1464 3720 1829 3786 quanquam
1859 3704 2083 3767 eadem
2108 3704 2355 3795 eunctis

307 3812 498 3876 «haud
530 3811 687 3872 adeo
721 3809 954 3898 adeptu
984 3805 1182 3872 facilis
1207 3831 1226 3879 ς
1249 3805 1621 3893 pertingere
1652 3816 1869 3872 autem
1890 3808 1979 3876 ad
2012 3806 2191 3874 istam
2223 3832 2361 3878 eor-

311 3916 422 3982 adis
454 3914 828 3981 munditiam
857 3962 878 3987 ,
912 3913 1010 3978 aio
1048 3912 1367 3982 neminem
1405 3912 1625 3988 aliter,
1660 3931 1850 3998 quam
1884 3936 1997 4000 per
2017 3913 2237 3981 «Iesum
2270 3918 2370 4007 soj

326 4025 458 4090 lum
493 4043 693 4111 posse.
727 4020 866 4108 Ipse
890 4018 1508 4110 enimpubstantialis
1542 4041 1689 4086 vere
1715 4019 1941 4118 veritas
1965 4033 2100 4096 est3
2130 4023 2329 4113 absqu

2037 4128 2138 4202 24.
