2982 4885
878 439 1056 482 maza
1103 438 1184 481 nn
1233 435 1599 481 Mnesteus.
2128 416 2256 503 587

257 557 396 632 lum,
421 556 590 620 circa
606 555 1023 620 Pentecosten
1049 555 1354 620 vincentis
1378 566 1475 617 est
1498 554 1731 640 quippe
1754 552 2217 644 consummatio
2241 575 2257 615 ε

259 660 348 748 qui
360 682 507 746 ergo
535 682 729 722 unum
754 659 999 746 ignorat
1016 658 1456 746 proetermittit.
1484 658 1696 722 Potest
1709 669 1774 721 et
1789 658 1865 722 de
1891 658 2023 722 aliis
2042 656 2265 721 diebus

259 764 525 829 dubitare
559 785 686 826 non
718 762 958 825 habeus
993 762 1451 848 plenitudinem
1483 761 1762 826 veritatis
1782 810 1799 835 ,
1836 764 2008 847 quod
2038 783 2269 826 secun-

256 868 390 931 dum
436 878 720 952 tempora
775 876 1048 950 quatuor
1094 865 1403 952 cujusque
1458 866 1607 929 anni
1658 866 1741 928 ita
1806 865 1988 930 nobis
2028 866 2268 930 diversa

254 971 461 1059 gaudia
495 993 529 1033 a
562 969 813 1035 Christo
847 970 1120 1034 Domino
1144 972 1560 1057 pullularunt,
1595 967 1660 1032 id
1682 982 1803 1044 est,
1838 970 1901 1034 in
1933 992 2059 1057 quo
2085 982 2268 1035 natus

254 1086 376 1148 est:
409 1085 549 1160 post
581 1074 645 1137 in
685 1097 811 1159 quo
844 1075 1133 1161 apparuit
1158 1099 1178 1148 ;
1215 1075 1404 1138 tertio
1438 1074 1646 1159 inquo
1672 1097 1889 1161 passus
1922 1089 2040 1152 est,
2081 1089 2146 1141 et
2178 1099 2271 1140 re-

251 1180 530 1254 surrexit,
566 1193 635 1244 et
663 1180 829 1244 visus
859 1192 954 1244 est
982 1206 1000 1253 3
1038 1191 1265 1266 quarto
1297 1180 1362 1243 in
1400 1202 1527 1265 quo
1569 1180 1851 1245 ascendit
1889 1182 1952 1246 in
1985 1185 2218 1247 coelum
2244 1206 2263 1255 ς

248 1296 314 1348 et
342 1284 470 1348 haec
501 1307 614 1370 per
651 1305 885 1348 annum
920 1284 1055 1346 sine
1087 1283 1549 1348 intermissione
1581 1286 1976 1349 celebremus
2008 1308 2272 1374 genera-

252 1387 382 1454 liter
407 1390 782 1461 exultantes,
820 1398 1008 1472 atque
1040 1387 1174 1450 haec
1210 1388 1447 1474 integra
1474 1388 1893 1474 inriolataque
1919 1390 2274 1453 custodien-

253 1504 338 1555 tes
375 1493 789 1556 detineamus.
832 1490 1110 1569 Quidam
1142 1504 1353 1555 autem
1386 1492 1554 1555 diem
1587 1492 2088 1580 Epiphaniorum
2118 1492 2281 1577 bap-

255 1593 446 1668 tismi,
484 1595 588 1658 alii
627 1593 1196 1665 transformationis
1241 1595 1306 1658 in
1340 1608 1563 1660 monte
1602 1596 1745 1682 quae'
1779 1596 1943 1660 facta
1979 1607 2110 1671 est,
2144 1616 2279 1659 esse

255 1699 606 1786 opinantur.

648 1930 848 1981 cxm.
891 1929 980 1981 DE
1018 1933 1343 1984 Lssvl'rtco
1381 1935 1587 1985 mosls
1624 1935 1878 1985 Bnflon.

337 2128 476 2193 Am
513 2143 659 2194 sunt
692 2131 970 2194 haeretici
992 2180 1008 2204 ,
1054 2132 1161 2215 qui
1201 2132 1353 2217 legis
1398 2141 1711 2217 praecepta
1743 2153 1883 2217 quae
1917 2152 2029 2217 per
2067 2128 2283 2193 Mosen

254 2232 420 2296 dIcta
468 2244 618 2295 sunt
661 2233 726 2294 in
779 2233 1058 2295 Levitico
1102 2234 1342 2296 Judaeis
1382 2235 1719 2297 carnaliter
1752 2282 1768 2307 ,
1815 2244 2159 2315 nostroque
2219 2231 2284 2292 in

254 2348 539 2422 tempore
569 2335 931 2422 spiritaliter
953 2337 1224 2399 revelata
1260 2348 1405 2399 sunt
1435 2335 1818 2422 ignorantes,
1854 2355 2168 2400 summam
2195 2355 2288 2397 re-

252 2464 396 2506 rum
441 2437 841 2505 festivitatem
903 2463 1368 2526 numerumque
1411 2463 1631 2505 earum
1685 2439 1955 2506 coelestis
2007 2437 2291 2503 utilitatis

252 2558 675 2635 praetereunt,
717 2545 1074 2609 nescientes
1106 2546 1260 2631 quid
1293 2546 1618 2609 celebrent
1642 2596 1657 2621 ,
1691 2557 1984 2632 putantes
2011 2544 2184 2629 quod
2214 2544 2295 2607 de

252 2650 533 2715 sabbatis
567 2653 771 2715 solum
794 2700 809 2727 ,
833 2662 897 2714 et
919 2649 1182 2724 Pascha,
1220 2662 1283 2713 et
1309 2652 1543 2736 azymis
1573 2651 1774 2716 Moses
1804 2647 2198 2738 praeceperit,
2233 2656 2298 2710 et

253 2777 384 2820 non
413 2755 490 2817 de
508 2767 651 2818 octo
677 2755 1118 2820 festivitatibus
1146 2778 1300 2839 quas
1327 2755 1607 2818 Ecclesia
1635 2754 1946 2818 catholica
1969 2750 2294 2839 cognoscit

250 2871 319 2925 et
344 2860 601 2924 detinet.
637 2860 800 2923 Dicit
822 2860 992 2924 enim
1012 2861 1094 2923 ita
1126 2859 1327 2923 Moses
1350 2857 1389 2920 J
1397 2859 1723 2922 udzeorum
1753 2859 1986 2945 populo
2011 2856 2290 2944 [timum

253 2964 336 3028 de
381 2962 728 3027 Neomenia
759 2974 824 3027 et
865 2963 1180 3036 sabbatis,
1230 2963 1511 3032 secundo
1559 2963 1636 3025 de
1682 2960 1957 3035 Pascha,
1996 2959 2182 3024 te'rtio
2213 2961 2293 3024 de

254 3065 520 3150 azymis,
553 3079 778 3153 quarto
803 3068 881 3131 de
905 3067 1271 3153 manipulis,
1293 3065 1516 3152 quinto
1542 3065 1620 3129 de
1651 3065 2130 3137 tubicinatione,
2157 3085 2297 3149 quae

254 3191 467 3255 graece
498 3174 732 3253 σάλπιγξ
755 3171 1009 3246 dicitur,
1046 3194 1185 3258 quae
1218 3169 1547 3235 celebrant
1572 3168 1774 3232 Judaei
1810 3190 1924 3254 per
1948 3187 2180 3230 annum
2206 3186 2302 3227 so-

252 3269 585 3342 lenmiter‚
619 3284 795 3333 sexto
829 3287 1035 3337 autem
1073 3276 1410 3362 jejunium,
1446 3274 1716 3361 septimo
1746 3271 2300 3336 tabernaculorum

254 3374 684 3447 constructio,
712 3387 932 3437 octava
967 3398 1105 3461 quae
1136 3390 1230 3440 est
1260 3378 1672 3462 plenitudinis
1702 3376 2053 3449 fructuum,
2086 3395 2306 3461 pomo·

253 3499 540 3564 rumque
571 3477 884 3541 vindemia
911 3461 1208 3541 Octobris
1233 3480 1491 3553 mensis,
1513 3482 1797 3545 omnium
1831 3491 2148 3568 postrema
2172 3479 2309 3542 col-

252 3583 526 3656 latio,et
538 3580 1027 3654 consummatio,
1050 3603 1188 3666 quae
1219 3593 1283 3645 et
1299 3584 1650 3646 secundum
1681 3606 1927 3649 menses
1942 3594 2087 3648 octo
2114 3582 2313 3646 diver-

256 3687 421 3753 sitas
467 3684 641 3771 juxta
686 3685 964 3751 litteram
1023 3685 1384 3750 celebratur
1426 3708 1461 3750 a
1508 3684 1546 3749 J
1553 3686 1745 3752 udaeis
1773 3737 1790 3762 ,
1846 3701 1910 3752 et
1957 3688 2309 3750 secundum

257 3789 622 3881 spiritalem
652 3788 980 3855 scientiam
1015 3789 1464 3878 incipientibus
1495 3813 1712 3856 mense
1741 3790 1966 3858 Martio
1988 3789 2056 3855 in
2085 3801 2309 3855 octavo

260 3915 531 3968 mense,
564 3893 631 3959 id
658 3904 777 3969 est,
816 3893 1117 3972 Octobri,
1154 3906 1591 3960 consummate
1626 3894 1838 3959 omnia
1872 3917 1987 3984 per
2017 3892 2309 3959 ordinem
