2982 4885
602 538 726 614 248
1270 548 1317 592 s.
1369 545 1635 594 umam
1680 542 1952 592 murm-11

595 695 736 740 sum
769 694 786 737 ε
822 699 846 732 ι
880 671 991 736 sed
1030 669 1169 734 duze
1214 688 1497 756 personae
1539 665 1669 731 vim
1718 685 1897 731 suam
1942 661 2004 727 in
2044 670 2258 726 mente
2302 666 2621 726 exercent.

596 775 877 867 Imperiti
907 773 1078 841 enirn
1112 772 1219 861 qui
1260 785 1410 840 sunt
1445 794 1658 840 rerum
1679 819 1698 846 ,
1733 769 1844 834 ubi
1875 767 2199 834 modicum
2228 765 2385 852 quid
2412 763 2478 829 in
2511 764 2629 830 illis

596 893 855 972 operata
884 879 1074 945 suerit
1099 877 1323 966 gratia,
1342 900 1410 942 se
1435 876 1567 965 jam
1600 876 1825 942 vicisse
1849 887 2041 962 atque
2072 871 2384 962 perfectos
2415 870 2633 936 Chris-

596 988 799 1054 tianos
838 1008 974 1052 esse
1020 993 1322 1049 statuunt.
1378 982 1513 1072 Ego
1543 1005 1693 1049 vero
1742 981 1832 1046 sic
1879 1003 1946 1046 se
1989 1002 2124 1044 rem
2168 977 2404 1043 habere
2445 988 2624 1066 puto,

574 1093 859 1186 'perinde
885 1113 958 1156 ac
1005 1088 1057 1154 si
1087 1088 1165 1154 sit
1211 1088 1275 1153 in
1312 1089 1476 1153 coeIo
1512 1089 1635 1164 sol,
1686 1086 1795 1181 qui
1841 1087 1904 1151 in
1952 1108 2117 1175 puro
2163 1089 2307 1150 ae're
2337 1085 2529 1159 lucet,
2567 1096 2632 1148 et

595 1198 797 1263 nubes
831 1194 1235 1261 advenientes
1266 1215 1414 1258 eum
1442 1192 1766 1282 operiant,
1799 1204 1989 1280 atque
2019 1196 2229 1255 ae'rem
2259 1188 2629 1254 crassiorem

595 1301 899 1377 reddant,
945 1301 1120 1365 nullo
1171 1311 1359 1388 pacto
1386 1299 1693 1388 ·(quippe
1737 1320 1885 1363 cum
1930 1296 2194 1363 interius
2238 1298 2465 1382 lateat)
2511 1314 2629 1360 nec

462 1433 477 1446 ²
594 1409 657 1474 in
690 1407 963 1484 lumine,
1005 1405 1218 1471 necin
1250 1405 1601 1472 substantia
1634 1405 1886 1470 laeditur
1923 1404 2068 1470 :sic
2103 1428 2169 1470 se
2211 1403 2488 1476 habent,
2524 1401 2631 1488 qui

591 1519 780 1606 plene
816 1515 1097 1580 nondum
1123 1523 1271 1577 sunt
1297 1513 1656 1601 purificati;
1691 1512 1801 1601 qui
1831 1514 1986 1579 licet
2019 1511 2219 1600 gratia
2245 1509 2363 1577 Dei
2393 1506 2635 1598 praediti

572 1621 754 1700 sint,
792 1620 856 1686 in
889 1618 1030 1686 imis
1071 1631 1281 1684 tamen
1321 1632 1587 1708 peccato
1623 1618 1895 1694 detenti,
1934 1618 2173 1685 hahent
2203 1616 2393 1681 simul
2428 1624 2638 1680 motus

598 1729 946 1801 naturales,
1006 1736 1070 1788 et
1124 1724 1538 1809 cogitationes
1583 1746 1730 1809 erga
1783 1724 1988 1787 Deum
2043 1719 2281 1794 firmaS,
2317 1720 2554 1808 quippe
2605 1740 2642 1783 a

584 1854 705 1926 pm
712 1842 773 1892 te
799 1828 953 1892 boni
987 1828 1274 1889 nondum
1304 1829 1494 1910 plene
1522 1836 1784 1890 stantes.

686 1927 1032 1997 t11.Sice
1056 1948 1390 2002 converso,
1427 1928 1534 2014 qui
1568 1926 1971 1992 secundum
1954 1946 2107 2001 ima,
2135 1925 2259 1990 sul>
2289 1925 2456 1990 bona
2486 1947 2651 2013 por—

598 2039 767 2103 tione
814 2031 1046 2125 gratia,
1085 2030 1381 2117 inquam,
1417 2042 1747 2106 tenentur,
1787 2029 1995 2095 adhuc
2025 2042 2180 2096 sunt
2206 2028 2402 2105 servi,
2454 2041 2647 2118 atque

576 2135 851 2206 ‘obnoxii
906 2136 1115 2226 pravis
1169 2137 1662 2225 cogitationibus
1713 2160 1786 2203 ac
1831 2136 1994 2227 parti
2057 2136 2316 2202 vitiosae.
2377 2134 2645 2201 Summo

600 2244 790 2334 igitur
820 2241 1061 2331 judicio
1092 2264 1255 2331 opus
1281 2256 1408 2319 est,
1454 2256 1527 2309 ut
1555 2266 1670 2334 per
1703 2241 2161 2332 experientiam
2199 2241 2340 2329 quis
2373 2264 2644 2331 cognos-

605 2361 707 2414 cat
742 2349 876 2415 haec
912 2370 978 2413 se
1029 2348 1115 2413 ita
1157 2348 1414 2432 habere.
1454 2350 1615 2416 Dico
1650 2362 1863 2415 autem
1903 2348 2019 2426 tihi
2052 2348 2242 2413 etiam
2276 2347 2640 2437 Apostolos,

603 2458 833 2546 quibus
861 2472 999 2525 crat
1023 2458 1410 2535 ParacletuS,
1448 2479 1575 2522 non
1610 2456 1803 2521 fuisse
1835 2478 1913 2520 ex
1937 2454 2112 2520 omni
2136 2466 2316 2544 parte
2344 2477 2639 2531 securosg

604 2566 833 2654 gaudio
878 2566 1050 2632 enim
1103 2576 1169 2629 et
1210 2564 1597 2628 exultatione
1644 2565 1863 2627 aderat
1921 2560 2111 2625 timor
2157 2573 2222 2628 et
2260 2573 2521 2638 tremor,
2565 2559 2641 2625 ab

582 2666 738 2760 'ipsa
785 2670 1020 2758 gratia,
1056 2691 1186 2734 non
1233 2690 1311 2731 ex
1348 2678 1530 2754 parte
1582 2665 1802 2730 vitiosa
1851 2664 2173 2752 profectus
2208 2689 2224 2730 ε
2261 2689 2482 2732 verum
2515 2666 2646 2755 ipsa

609 2773 805 2863 gratia
840 2773 1135 2837 tuebatur
1177 2771 1354 2845 illos,
1391 2792 1473 2834 ne
1518 2771 1619 2833 vel
1663 2767 1999 2834 minimum
2038 2772 2190 2858 quid
2239 2772 2638 2840 diverterent.

586 2878 879 2969 ‘Perinde
908 2876 1079 2942 enim
1114 2895 1186 2939 ac
1230 2874 1284 2938 si
1329 2872 1468 2960 quis
1513 2872 1860 2939 frustulum
1914 2876 2139 2965 lapidis
2190 2878 2533 2966 projecerit
2581 2877 2646 2942 in

612 3007 903 3057 murum,
952 3001 1208 3046 murum
1247 2981 1605 3044 nullatcnus
1651 2978 1917 3048 offendit
1963 2994 2075 3047 aut
2107 2984 2452 3050 commovit
2487 3006 2504 3049 τ
2541 2996 2650 3049 aut

614 3091 778 3152 sicut
813 3089 1011 3152 telum
1056 3083 1417 3175 projectum
1466 3097 1692 3152 contra
1739 3110 1920 3163 eum,
1983 3088 2092 3176 qui
2136 3089 2259 3159 sert
2288 3091 2645 3168 clibanum,

618 3195 790 3258 nullo
817 3193 1013 3287 modo(
1032 3190 1191 3256 laesit
1226 3213 1344 3256 nec
1370 3190 1611 3267 ferrum
1636 3214 1755 3257 ncc
1780 3216 2047 3283 corpus,
2086 3195 2337 3281 (referit
2361 3198 2543 3262 ‘enim
2576 3219 2649 3263 ac

618 3299 1025 3389 repercutit;)
1073 3297 1158 3362 ita
1191 3296 1341 3362 licet
1387 3297 1542 3384 quid
1570 3297 1698 3362 vitii
1725 3300 1804 3365 ad
1837 3301 2170 3389 Apostolos
2196 3302 2653 3395 appropinqua-

621 3398 739 3479 rot,
790 3425 1193 3491 nequaquam
1244 3414 1458 3466 tamen
1494 3402 1661 3490 ipsos
1712 3407 2014 3501 laedebat,
2064 3409 2297 3498 quippe
2333 3413 2654 3500 quierant

622 3510 898 3599 perfecta
926 3507 1159 3573 Christi
1185 3506 1416 3573 virtute
1441 3508 1646 3576 induti
1676 3534 1691 3573 ε
1727 3504 1942 3600 illique
1968 3536 2116 3581 cum
2140 3532 2350 3584 essent
2363 3518 2651 3607 perfecti,

621 3625 913 3703 poterant
945 3612 1144 3678 libere
1175 3613 1422 3702 operari
1446 3613 1703 3701 justitiae
1727 3641 1936 3706 opera.
2005 3668 2012 3671 v

708 3720 875 3789 VIII.
931 3700 1251 3800 Quoniam
1298 3721 1488 3830 igitur
1524 3736 1812 3793 asserunt
1842 3727 2131 3812 quidam,
2181 3734 2352 3818 quod
2383 3745 2526 3821 post
2558 3752 2656 3799 ac-

622 3830 873 3917 ceptam
924 3828 1188 3915 gratiam
1236 3831 1408 3895 nulla
1454 3830 1680 3894 animae
1728 3832 2085 3899 sollicitudo
2128 3839 2436 3925 supersit,
2488 3839 2655 3906 Deus

602 3932 913 4022 ‘qnoque
897 3957 961 3999 in
983 3934 1279 4024 perfectis
1310 3934 1580 4022 requirit
1602 3936 1992 4004 voluntatem
2022 3940 2247 4007 animm
2283 3943 2344 4009 in
2369 3945 2658 4010 ministe-

621 4043 787 4108 rium
812 4038 1106 4130 Spiritus,
1143 4041 1476 4108 utscilicet
1508 4043 1925 4110 consentiant..
1958 4045 2167 4133 Inquit
2200 4049 2662 4139 enimAposto-
