2982 4885
676 458 806 525 368
1355 479 1405 522 ι.
1463 477 1727 524 uacum
1771 479 2040 526 zormu

671 593 937 668 iverint,
984 614 1090 666 se,
1133 604 1485 680 utcumque
1530 592 1924 660 inhabitante
1960 594 2248 682 dignatos
2295 599 2500 685 gratia
2526 651 2546 677 ,
2602 584 2749 669 nee

668 709 880 763 tamen
907 694 1196 786 turpibus
1223 707 1286 761 et
1312 697 1603 762 absurdis
1634 698 2120 785 cogitationibus
2141 723 2268 765 non
2297 703 2579 770 concuti.

761 801 929 869 XIV.
987 792 1288 868 Novimus
1328 804 1645 889 quosdam
1682 826 1763 868 ex
1793 804 2094 870 fratribus
2128 828 2295 894 saepe
2341 811 2500 876 adeo
2536 811 2720 877 uberi

675 908 1113 998 superfusione
1156 908 1368 996 gratim
1395 908 1626 973 ditatos
1654 959 1671 984 ‚
1712 922 1783 973 nt
1813 910 2091 997 quinque
2126 934 2198 975 ac
2222 935 2335 978 sex
2366 914 2508 979 totis
2540 917 2721 982 aunis

674 1015 738 1081 in
778 1014 924 1105 ipsis
964 1014 1215 1103 penitus
1246 1014 1437 1079 veluti
1461 1013 1889 1078 emarcuerint
1924 1026 1988 1079 et
2018 1015 2311 1083 extinctae
2343 1018 2569 1083 suerint
2593 1019 2724 1085 cti-—

674 1120 1005 1210 piditates;
1043 1119 1272 1184 deinde
1306 1130 1517 1184 lamen
1544 1166 1561 1192 ,
1603 1121 1755 1184 dum
1796 1132 1983 1209 portu
2015 1132 2080 1184 et
2110 1122 2562 1209 tranquillitate
2590 1124 2721 1189 frui

676 1210 1075 1301 videbantur,
1118 1238 1526 1313 apparentem
1567 1248 1824 1318 rursus,
1869 1226 2041 1290 velut
2086 1249 2164 1291 ex
2206 1226 2481 1303 insidiis,
2537 1229 2724 1296 mali·

673 1330 822 1397 tiam
859 1344 990 1395 tam
1019 1329 1503 1404 vehementibus
1534 1329 1698 1420 ipsos
1730 1341 1794 1394 et
1826 1328 1972 1395 seris
2009 1329 2337 1399 insultibus
2373 1334 2674 1420 pulsasse
2698 1385 2720 1412 ‚

679 1449 752 1501 ut
810 1458 1108 1524 pavorem
1160 1448 1224 1500 et
1278 1435 1856 1500 consternationem
1911 1434 2059 1522 ipsis
2121 1436 2438 1502 incuteret.
2503 1437 2725 1505 Nemo

673 1542 864 1631 igitur
880 1564 1099 1606 eorum
1121 1590 1138 1615 ,
1166 1541 1396 1628 quibus
1432 1541 1677 1607 acutius
1712 1562 1972 1606 cernere
2004 1563 2197 1607 sacrae
2228 1540 2580 1629 prudentiae
2613 1546 2720 1609 lu·

679 1670 829 1712 men
869 1647 1079 1723 dedit,
1134 1648 1296 1712 ausit
1334 1670 1617 1733 unquam
1668 1645 1917 1719 dicere3
1966 1668 2043 1710 ex
2092 1668 2218 1732 quo
2250 1659 2622 1733 praesentem
2653 1649 2713 1713 in

679 1776 782 1820 me
811 1753 1013 1819 sentio
1036 1753 1333 1841 gratiam,
1362 1753 1665 1817 liberatus
1691 1774 1832 1814 snm
1862 1750 1924 1813 in
1948 1770 2137 1814 omne
2166 1762 2420 1838 tempus
2444 1752 2523 1816 ab
2542 1754 2713 1817 omni

680 1857 936 1925 malitia.
979 1858 1121 1923 Duo
1158 1858 1327 1923 enim
1361 1907 1378 1932 ,
1430 1870 1502 1921 ut
1550 1855 1791 1920 dictum
1836 1863 1969 1928 est,
2021 1853 2184 1917 inter
2222 1876 2292 1918 se
2341 1856 2595 1921 adversa
2644 1856 2709 1921 in

680 1975 896 2028 mente
945 1975 1175 2051 agunt,
1224 1961 1419 2048 gratia
1467 1972 1530 2022 et
1584 1955 2134 2044 concupiscentia,
2184 1969 2541 2047 utcumque
2583 1958 2706 2024 cito

680 2062 922 2135 creduli
948 2082 1012 2134 et
1039 2065 1465 2153 imprudentes
1497 2062 1707 2126 statim
1741 2060 1957 2126 dicant
1990 2084 2006 2125 ε
2045 2088 2070 2120 ι
2102 2061 2388 2130 Vicimus
2414 2078 2477 2130 et
2507 2065 2708 2130 debel-

680 2177 877 2241 latum
903 2175 1029 2264 jam
1051 2184 1161 2234 cst.
1205 2196 1230 2229 a
1261 2168 1415 2233 Mihi
1453 2166 1707 2254 quidem
1743 2178 1961 2232 contra
1996 2167 2085 2231 sic
2109 2167 2407 2233 videntur
2429 2170 2613 2257 hujus
2643 2194 2707 2234 se

682 2281 923 2371 generis
947 2299 1046 2340 res
1074 2274 1309 2341 habere
1328 2323 1346 2349 ,
1382 2286 1453 2338 ut
1481 2274 1736 2361 quando
1765 2272 1877 2337 soli
1906 2295 2063 2359 pure
2093 2271 2357 2361 fulgenti
2382 2276 2705 2341 suboriens

678 2395 938 2475 repente
969 2403 1161 2469 vapor
1189 2392 1253 2445 et
1286 2378 1487 2468 caligo
1506 2379 1791 2444 velamen
1814 2378 2008 2444 veluti
2030 2378 2367 2446 obduxerit
2383 2406 2401 2457 3
2429 2382 2518 2446 sic
2544 2381 2711 2447 simi-

678 2495 852 2570 liter,
891 2490 983 2555 uti
1014 2487 1285 2554 diximus
1313 2535 1330 2561 ,
1375 2479 1441 2551 se
1476 2485 1712 2550 habent
1737 2533 1755 2559 ,
1795 2485 1904 2571 qui
1937 2485 2136 2573 gratia
2178 2486 2291 2550 Dei
2338 2487 2555 2573 potiti,
2595 2490 2717 2553 sed

679 2577 974 2668 accurate
993 2595 1274 2660 nondum
1301 2586 1547 2679 p’urgati
1570 2602 1714 2655 sunt
1730 2615 1749 2664 ;
1778 2593 1889 2655 sed
1915 2590 1975 2654 in
2003 2592 2417 2680 penetralibus
2437 2590 2716 2678 profun-

680 2705 776 2771 dis
808 2706 1016 2772 adhuc
1048 2723 1079 2765 a
1124 2709 1387 2785 peccato
1432 2708 1746 2760 tenentur.
1789 2697 2004 2776 Quare
2036 2698 2232 2762 multa
2263 2697 2546 2786 profecto
2579 2697 2716 2763 dis-

680 2811 961 2875 cretione
999 2824 1157 2890 opus
1189 2813 1318 2875 est,
1370 2801 1448 2866 ad
1477 2800 1927 2889 experientiam
1961 2824 2169 2880 rerum
2202 2802 2426 2867 talium
2465 2800 2714 2891 persec-

679 2903 1378 2994 tissimam'parandam.
1704 2913 1707 2914 ⁷

765 3014 908 3081 XV.
960 3014 1042 3077 Ut
1078 3010 1213 3076 sine
1245 3010 1482 3085 oculis,
1519 3010 1769 3098 lingua,
1807 3011 2096 3086 auribus,
2126 3010 2419 3099 pedibus,
2461 3010 2709 3087 vide-ri,

681 3118 841 3193 dici,
868 3114 1111 3193 audiri,
1144 3114 1450 3180 ambulari
1477 3114 1697 3199 nequit
1715 3139 1735 3189 3
1768 3114 1864 3182 sic
1892 3117 2120 3204 pariter
2149 3113 2539 3201 impossibile
2572 3127 2708 3192 est,

677 3225 812 3291 sine
832 3223 966 3288 Deo
989 3233 1052 3286 et
1076 3220 1154 3286 ab
1183 3219 1315 3307 ipso
1339 3222 1483 3284 dato
1511 3217 1751 3283 efficaci
1776 3222 2030 3297 auxilio,
2057 3220 2529 3303 communicare
2548 3244 2713 3308 mys·

674 3330 849 3397 teriis
874 3325 1121 3401 divinis,
1161 3337 1225 3389 et
1252 3345 1432 3389 nosse
1453 3323 1568 3388 Dei
1593 3325 1985 3413 sapientiam,
2023 3341 2129 3393 aut
2152 3328 2213 3392 in
2238 3328 2481 3416 Spiritu
2511 3326 2712 3391 dites-

676 3459 841 3502 cere.
893 3432 1052 3499 Nam
1088 3429 1396 3517 sapientes
1443 3429 1700 3517 quidem
1740 3431 2145 3508 Graecorum,
2195 3433 2258 3498 in
2300 3432 2714 3498 meditatione

674 3538 1106 3604 doctrinarum
1136 3546 1537 3613 exercentur,
1573 3538 1737 3601 etad
1770 3537 2039 3603 invicem
2066 3540 2539 3629 reciprocandas
2567 3560 2714 3602 ver-

674 3643 904 3711 borum
943 3639 1106 3704 rixas
1149 3641 1336 3729 longo
1382 3642 1513 3707 triti
1556 3665 1674 3712 usu
1719 3653 1882 3707 sunt.
1924 3642 2102 3709 Servi
2146 3657 2354 3709 autem
2389 3641 2542 3715 Dei,
2578 3643 2712 3708 etsi

663 3743 1112 3837 congressibus
1137 3745 1629 3835 disputationum
1654 3746 2041 3814 inexercitati
2068 3748 2229 3826 sint,
2258 3762 2469 3816 tamen
2496 3745 2707 3828 divina

672 3852 927 3927 notitia,
960 3864 1025 3917 ot
1050 3851 1165 3916 Dei
1197 3851 1392 3940 gratia
1419 3847 1862 3940 perficiuntur.

755 3957 928 4027 XVI.
965 3956 1187 4023 Audeo
1220 3955 1468 4030 dicere:
1514 3978 1594 4022 no
1628 3956 1776 4045 ipsis
1807 3957 2067 4045 quidem
2107 3959 2230 4027 illis
2258 3970 2478 4026 sancto
2512 3957 2708 4024 Para-
