2982 4885
626 459 760 545 208
1303 484 1353 539 s.
1410 484 1676 542 melan
1717 478 1989 547 actvm

616 596 720 684 vel
759 619 1231 678 consummatos
1267 608 1332 676 in
1366 611 1588 701 gratia,
1635 634 1762 678 non
1795 598 2193 702 prohibuerit
2226 596 2448 702 gratia,
2491 624 2655 703 quo-

621 712 867 795 minus,
915 738 1055 806 quae
1096 712 1366 792 vellent,
1405 716 1788 805 perficerent
1815 741 1832 783 :
1859 714 2106 783 etiamsi
2152 719 2495 785 voluissent
2536 719 2653 809 ipsi

623 842 722 902 ea,
751 849 888 913 qua:
912 823 1332 913 displicebant
1355 821 1589 911 gratiae,
1625 847 1943 913 peragere.
1978 824 2212 889 Natura
2238 825 2407 891 enim
2442 836 2653 890 nostra

623 953 823 1020 capax
864 943 960 996 est
1008 942 1143 996 tum
1184 928 1337 994 boni
1390 939 1528 993 tum
1573 928 1720 994 mali
1773 952 1789 992 ε
1848 919 1947 993 π’
1975 940 2251 1016 potestas
2305 926 2655 1005 adversaria

625 1035 1025 1110 exhortandi,
1049 1057 1177 1100 non
1203 1034 1471 1122 cogendi
1488 1033 1613 1099 vim
1641 1034 1866 1099 babet:
1892 1034 2103 1120 quoad
2118 1046 2347 1099 caetera
2368 1044 2433 1097 tu
2457 1032 2656 1097 babes

623 1141 900 1210 liberum
940 1139 1272 1205 arbitrium
1316 1138 1619 1227 vergendi
1666 1160 2071 1228 quocumque
2102 1139 2395 1204 volueris.
2435 1136 2658 1203 Nonne

625 1243 967 1335 perpendis
984 1270 1009 1302 ι
1025 1243 1282 1308 Petrum
1299 1242 1489 1309 fuisse
1504 1243 1975 1333 reprehensum¹
1991 1270 2041 1318 ,ι
2059 1257 2123 1309 et
2136 1243 2400 1308 Paulum
2423 1242 2658 1306 abeun-

627 1361 755 1415 tem
777 1348 1051 1438 arguisse
1068 1348 1695 1438 illum3quiquamvis
1710 1351 1847 1415 talis
1871 1362 2058 1422 esset.
2079 1348 2287 1413 adhuc
2315 1347 2662 1436 repreben-

632 1453 832 1520 sibilis
872 1453 1057 1520 erat?
1085 1453 1316 1519 Paulus
1357 1477 1647 1543 quoque,
1680 1455 1790 1544 qui
1823 1468 1960 1521 erat
1987 1454 2322 1543 spiritualis
2342 1500 2360 1527 ,
2401 1452 2661 1542 propria

630 1562 955 1627 voluntate
1009 1558 1500 1649 disputationem
1552 1560 1827 1649 suscepit
1872 1550 2029 1627 cum*
2057 1559 2372 1632 Bernaba,
2407 1569 2476 1624 et
2526 1553 2663 1620 «Ira

636 1693 662 1731 ι
680 1666 1071 1732 exarcerbati
1088 1666 1511 1731 discesserunt
1532 1667 1609 1730 ab
1630 1664 1982 1729 invicem2.»
2004 1665 2222 1750 Itaque
2241 1663 2444 1749 inquit
2466 1664 2659 1727 idom:

654 1769 820 1832 «Vos
864 1767 971 1851 qui
1003 1766 1355 1850 spirituales
1399 1769 1583 1838 estis,
1622 1768 1961 1829 instaurate
2002 1765 2371 1848 hujusmodi
2420 1765 2671 1852 Spiritu

629 1866 1196 1939 »mansuetudinis,
1243 1866 1648 1930 considerans
1683 1867 2110 1952 temetipsum,
2159 1887 2242 1928 ne
2284 1877 2348 1929 et
2407 1879 2473 1930 tu
2522 1880 2675 1933 ten-

628 1998 654 2032 »
675 1968 921 2034 teris⁸.»
951 1969 1117 2031 Ecce
1149 1968 1500 2056 spirituales
1537 1979 1897 2043 tentantur,
1945 1968 2092 2054 quia
2120 1980 2408 2057 superest
2449 1969 2674 2038 adhuc

634 2070 966 2139 arbitrium
997 2070 1295 2149 liberum
1328 2086 1393 2138 et
1412 2074 1625 2142 hostes
1653 2072 1914 2150 instant,
1940 2072 2223 2162 quandiu
2245 2076 2669 2143 versanturin

630 2172 752 2244 hoc
785 2178 1036 2244 saeculo.

1343 2381 1925 2447 ’m‘rEnaooA‘rm

647 2585 656 2590 -
713 2603 837 2674 XI.
884 2599 1038 2667 Non
1078 2609 1376 2686 poteraut
1406 2616 1677 2682 peceare
1706 2596 2029 2680 Apostoll,
2048 2594 2108 2660 si
2128 2595 2529 2677 vastabunt,-
2562 2618 2655 2661 an

619 2735 661 2777 υ
685 2728 796 2773 ero
820 2707 964 2792 ipsa
993 2704 1330 2767 voluntate
1345 2699 1675 2787 potentior
1705 2714 1847 2763 erat
1867 2703 2093 2789 gratia
2115 2701 2154 2763 ?

1440 2909 1847 2966 nBsPomslo.

711 3111 986 3187 Peccare
1013 3114 1274 3205 quidem
1303 3132 1430 3176 non
1455 3121 1748 3199 poterant
1763 3137 1783 3187 ς
1809 3134 1936 3178 non
1959 3115 2131 3182 onim
2158 3118 2642 3196 extollebantur,

629 3228 866 3318 quippe
894 3222 1002 3313 qui
1033 3231 1215 3286 orant
1241 3215 1480 3284 lumino
1513 3239 1583 3280 ac
1615 3216 1810 3305 gratia
1832 3221 2094 3306 praediti.
2126 3223 2266 3289 Non
2300 3236 2512 3290 tamen
2545 3224 2647 3289 di-

628 3335 831 3416 cimus
867 3325 1246 3396 imbecillem
1279 3321 1345 3386 in
1376 3321 1449 3386 iis
1477 3320 1665 3386 fuisse
1709 3324 2005 3412 gratiam;
2038 3329 2149 3393 scd
2192 3330 2464 3396 dicimus
2501 3351 2648 3419 gra-

627 3438 779 3503 tiam
796 3434 1163 3525 permittere
1183 3430 1285 3495 vel
1313 3426 1458 3516 ipsis
1478 3426 1905 3515 spiritualibus
1925 3433 2241 3521 perfectis,
2271 3449 2341 3500 ut
2369 3434 2647 3502 babeant

619 3565 761 3608 suas
792 3529 1166 3610 voluntates,
1208 3556 1278 3599 ac
1311 3546 1683 3622 potestatem
1708 3535 1975 3602 faciendi
1999 3561 2413 3627 quaecumque
2442 3539 2643 3605 libue-

625 3649 780 3724 rint,
815 3655 876 3711 et
910 3640 1249 3708 inclinandi
1279 3663 1407 3729 quo
1438 3640 1770 3705 voluerint.
1809 3641 1931 3729 Ipsi
1963 3667 2215 3733 quoque
2247 3658 2486 3711 natura}
2517 3644 2643 3709 hu-

619 3776 849 3827 manae,
875 3762 946 3815 ut
967 3747 1295 3813 imbecillis
1320 3759 1434 3819 est,
1472 3747 1646 3821 licet,
1672 3744 1914 3811 etiamsi
1943 3747 2183 3815 bonum
2203 3752 2290 3816 illi
2314 3751 2640 3826 inboereat,

615 3857 899 3927 converti
928 3870 993 3923 et
1019 3853 1267 3922 mutari.
1311 3850 1869 3932 Quemadmodum
1901 3853 1953 3918 si
1990 3855 2252 3942 quidam
2282 3856 2642 3924 universam

676 4015 694 4056 t
723 4000 883 4054 Galat.
909 4015 968 4061 u,
995 4014 1069 4055 ιι.
1100 4024 1163 4038 --
1188 4011 1208 4037 ο
1241 3994 1355 4048 Act.
1394 4008 1474 4055 xv,
1507 3992 1580 4043 13.
1614 4016 1677 4060 ςε-
1712 3992 1735 4056 ³.
1761 3990 1925 4045 Galat.
1963 4007 2035 4056 vt,
2065 4010 2108 4046 ι.
