2982 4885
1105 537 1363 605 nouum
1409 538 1534 605 ni.
2213 517 2331 605 nei

304 686 420 748 eor
459 666 560 745 vel
605 660 872 744 invitum
917 673 1299 764 compellat,
1347 696 1421 741 ac
1460 671 1691 762 dirigat
1746 690 1865 761 pro
1916 661 2156 740 viribus
2207 675 2340 744 suis

302 786 479 852 omni
508 781 834 850 violentia:
868 791 1125 846 exercet
1145 779 1211 845 in
1232 801 1382 845 eum
1405 777 1906 846 misericordiam
1928 800 2109 845 suam
2120 828 2141 862 ,
2166 791 2342 848 etre-

305 889 487 955 dimit
506 912 654 955 eum
680 888 758 953 ab
784 885 1055 952 inimicis
1079 883 1209 950 suis
1229 934 1246 961 ,
1272 896 1336 951 et
1356 883 1754 951 inhabitante
1774 896 2038 972 peccato
2054 932 2072 960 ,
2100 882 2341 975 Spiritu

302 1015 450 1059 eum
478 993 699 1060 sancto
731 992 1022 1082 replens:
1057 1002 1125 1057 et
1159 990 1244 1056 ita
1279 993 1690 1080 postmodum
1723 989 1963 1080 absque
1994 990 2121 1057 ulla
2161 990 2223 1057 vi
2266 1013 2342 1060 ac

301 1098 519 1164 labore
547 1120 696 1164 vere
717 1096 869 1163 facit
898 1094 1110 1161 omnia
1137 1094 1433 1162 mandata
1458 1093 1736 1162 Domini.
1795 1095 2101 1175 Quinimo
2129 1094 2351 1168 Domi-

302 1228 422 1286 nus
460 1206 526 1270 in
554 1226 632 1270 eo
681 1227 792 1269 sua
839 1203 1138 1269 mandata
1171 1200 1361 1277 facit.
1400 1213 1467 1268 et
1501 1200 1748 1269 fructus
1788 1200 2148 1290 spirituales
2189 1216 2345 1273 tunc

300 1332 462 1399 pure
494 1308 811 1398 producit.

388 1414 499 1479 111.
553 1413 824 1501 Oportet
864 1424 1077 1477 antem
1108 1410 1389 1500 primum
1419 1409 1788 1498 quempiam
1809 1409 1900 1474 sic
1934 1411 2350 1482 accedentem

306 1518 388 1582 ad
427 1517 778 1582 Dominum
811 1516 871 1581 vi
902 1517 1286 1602 compellere
1316 1539 1383 1579 se
1413 1515 1620 1602 ipsum
1667 1514 1750 1578 ad
1791 1513 2073 1592 bonum,
2122 1537 2352 1603 quam-

305 1619 401 1684 vis
430 1617 740 1683 renitatur
773 1617 1021 1683 animus
1042 1665 1060 1692 ,
1096 1629 1540 1706 expectantem
1572 1629 1882 1706 perpetuo
1921 1618 1986 1682 in
2017 1617 2144 1686 fide
2176 1619 2358 1685 indu-

306 1724 508 1789 bitata
538 1721 1038 1788 misericordiam
1068 1719 1207 1806 ejus
1226 1769 1245 1796 ,
1280 1743 1356 1786 nc
1379 1711 1766 1809 compellere
1795 1745 1862 1790 se
1905 1722 2111 1811 ipsum
2145 1725 2224 1790 ad
2255 1724 2346 1789 di-

306 1828 687 1902 lectionem,
741 1827 792 1891 si
851 1825 1196 1892 dilectione
1259 1826 1599 1891 destitutus
1659 1819 1804 1901 siu
1839 1830 2254 1917 compelleret
2286 1852 2357 1895 se

308 1933 516 2022 ipsum
549 1933 629 1997 ad
660 1930 1215 1997 mansuetudinem
1235 1981 1253 2007 ,
1287 1930 1338 1995 si
1368 1953 1442 1996 ea
1478 1923 1693 1996 careat
1706 1956 1726 2007 ς
1757 1935 2139 2024 compellere
2164 1958 2231 2000 se
2254 1934 2355 2026 ip-

307 2059 447 2102 sum
478 2037 560 2103 nd
588 2035 1087 2102 misericordiam
1106 2086 1124 2114 ,
1152 2049 1218 2102 et
1246 2037 1327 2101 ad
1351 2037 1635 2101 animum
1663 2038 1742 2101 ad
1764 2037 2194 2105 miserendum
2211 2063 2355 2132 pro-

307 2165 460 2207 num
480 2169 497 2218 3
535 2144 918 2232 compellere
952 2166 1017 2206 se
1042 2141 1246 2230 ipsum
1280 2143 1359 2207 ad
1394 2153 1834 2231 contemptum
1863 2143 2350 2240 perferendum,

306 2261 370 2313 et
413 2249 477 2312 in
510 2271 587 2313 eo
627 2248 872 2311 sortiter
918 2245 1425 2334 perdurandum,
1455 2271 1536 2312 ne
1584 2249 1909 2334 despectui
1953 2249 2210 2316 habitus
2244 2245 2354 2316 aut

310 2353 760 2417 dehonestatus
797 2351 1185 2433 indignetur,
1221 2349 1399 2432 juxta
1428 2351 1673 2412 dictum
1705 2373 1719 2411 ε
1764 2378 1787 2409 ι
1813 2352 1951 2418 Non
2010 2347 2356 2442 vo‘smctip7

310 2486 333 2519 ι
355 2479 455 2521 sos
499 2453 874 2519 ulciscentes
898 2500 916 2525 ,
971 2450 1361 2515 charissimi¹
1398 2472 1413 2512 ε
1444 2478 1468 2509 »
1499 2454 1881 2541 compellere
1925 2478 1990 2517 se
2035 2456 2238 2542 ipsum
2275 2452 2353 2520 'ad

310 2584 565 2651 preces,
603 2558 654 2622 si
685 2577 908 2649 preces
948 2554 1304 2643 spirituales
1336 2576 1464 2619 non
1500 2553 1749 2619 habeat.
1796 2554 1900 2620 Sic
1938 2556 2148 2644 itaque
2184 2556 2354 2622 Deus

284 2663 709 2754 ·conspiciens
748 2683 929 2735 eum,
979 2659 1086 2747 qui
1132 2670 1459 2748 tantopere
1503 2659 1867 2739 contendit,
1903 2684 1977 2726 ac
2013 2661 2108 2738 vi,
2144 2665 2356 2749 reduc-³

238 2760 247 2765 ’
314 2780 486 2837 tante
517 2767 767 2842 animn,
802 2788 869 2830 se
902 2764 1106 2855 ipsum
1140 2760 1550 2853 constringit,
1585 2787 1798 2832 veram
1821 2765 2091 2857 Spiritus
2121 2760 2354 2857 preca-⁴-

314 2854 548 2942 tionem
556 2872 865 2969 largitur,
894 2892 1108 2935 veram
1141 2870 1550 2935 dilectionem
1585 2872 1913 2950 concedit,
1931 2897 2148 2940 teram
2177 2898 2351 2947 mau-

310 2974 750 3053 suetudinem,
795 2976 1034 3041 viscera
1097 2975 1579 3051 misericordiae,
1637 2970 2039 3044 clementiam
2095 3003 2305 3047 veram
2327 3031 2347 3060 ‚

312 3101 529 3175 atque,
579 3098 651 3152 ut
704 3083 893 3149 unico
937 3081 1134 3149 verbo
1179 3082 1422 3158 dicam,
1472 3083 1679 3195 replet
1719 3082 1867 3149 eum
1924 3084 2133 3153 fructu
2199 3086 2349 3180 Spi-

312 3194 486 3260 ritus.

396 3298 501 3367 IV.
557 3298 749 3379 Quod
792 3294 843 3362 si
886 3295 1061 3384 quis,
1110 3317 1259 3360 cum
1320 3292 1553 3359 affectu
1601 3296 1904 3381 precandi
1956 3308 2208 3391 careat,
2267 3296 2347 3363 ad
2415 3334 2422 3341 ·

311 3428 532 3495 preces
575 3406 737 3471 solas
782 3425 849 3467 se
890 3402 1096 3489 ipsum
1127 3399 1368 3488 adigat,
1406 3412 1477 3465 ut
1508 3412 1933 3487 consequatur
1964 3382 2345 3497 precationis

312 3512 620 3599 gratiam:
643 3509 723 3574 ad
755 3505 1307 3573 mansuetudinem
1336 3524 1516 3576 vern,
1548 3501 1971 3568 humilitatem
2007 3502 2232 3580 animi,
2261 3505 2350 3572 di·

312 3615 685 3690 lectionem,
733 3625 798 3678 et
840 3612 1079 3698 reliqua
1111 3606 1406 3671 mandata
1439 3603 1731 3677 Domini,
1780 3603 1991 3670 minus
2029 3629 2097 3671 se
2142 3609 2350 3697 ipsum

318 3719 694 3802 compellat,
733 3739 851 3782 nec
884 3718 1075 3782 ullam
1116 3734 1374 3787 curam,
1414 3710 1699 3775 laborem
1734 3731 1806 3774 ac
1846 3709 2125 3775 studium
2167 3711 2348 3776 adhi-

317 3820 500 3892 beat,
536 3830 605 3882 nt
643 3842 714 3882 ea
746 3822 921 3884 recte
960 3820 1301 3887 constituat
1331 3840 1346 3883 :
1373 3817 1588 3907 q'uoad
1625 3814 1789 3882 illius
1846 3817 2243 3908 propositum
2276 3840 2351 3885 ac

317 3925 586 3992 liberam
632 3924 1053 4001 voluntatem,
1105 3923 1480 3993 conceditur
1538 3920 1627 3990 illi
1679 3920 2003 3990 interdum
2047 3912 2356 4012 precandi

392 4078 409 4101 ¹
442 4062 590 4114 Rom.
615 4077 710 4118 xn.
743 4075 824 4124 ¹9·

544 4167 759 4213 valu.
2057 4165 2082 4209 Ι
2101 4168 2127 4209 Ι
