2982 4885
651 557 776 630 106
1331 581 1379 624 s.
1435 541 1698 626 uicum
1744 575 2013 623 zerra-11

647 701 760 798 tris
797 749 814 775 ,
871 699 921 764 si
976 691 1327 764 delectetur
1375 695 1629 766 soemina
1685 719 1962 788 paupere
1985 744 2004 771 ,
2059 691 2218 762 nihil
2255 687 2678 795 pratel-quam

645 826 874 893 corpus
898 825 1083 868 suum
1106 800 1464 891 possidente
1479 852 1497 877 ,
1524 801 1789 894 ejusque
1814 810 2059 866 amator
2080 797 2191 865 fiat
2214 850 2233 877 ,
2264 820 2341 866 ac
2364 794 2516 875 velit
2537 796 2677 876 eam

642 910 761 978 sibi
802 909 867 974 in
897 931 1190 998 sponsam
1241 931 1315 974 ac
1351 907 1690 1000 conjugem
1739 929 2058 972 assumere
2093 929 2109 970 τ
2145 891 2250 972 illa
2293 901 2511 988 contra
2550 929 2678 978 om·

642 1038 789 1081 nem
825 1013 1331 1082 benevolentiam
1383 1007 1639 1102 praestat
1670 1012 1844 1087 viro,
1886 1033 2329 1104 amoremque,
2375 1033 2501 1104 quo
2530 1007 2682 1094 eum

638 1121 1063 1224 prosequitur,
1105 1129 1437 1184 conservat
1476 1140 1491 1182 :
1528 1139 1683 1188 ecce
1727 1139 1969 1212 pauper
2007 1117 2111 1182 illa
2155 1139 2226 1181 ac
2269 1139 2463 1207 egena
2478 1165 2499 1206 ,
2542 1139 2682 1218 (μιᾳ

647 1225 804 1298 nihil
837 1225 1114 1315 possidet
1141 1272 1159 1300 ,
1206 1222 1491 1290 omnium
1542 1223 1860 1290 bonorum
1900 1220 2015 1286 viri
2047 1220 2142 1286 sui
2178 1218 2251 1285 fit
2288 1215 2545 1316 domina
2578 1241 2594 1285 ε
2631 1213 2681 1304 si

647 1353 796 1395 vero
819 1330 925 1418 qui
949 1341 1179 1419 praeter
1204 1330 1512 1394 decorum
1538 1351 1609 1393 ac
1629 1325 1910 1398 officium
1931 1325 2358 1402 commiserit,
2396 1348 2515 1397 nec
2539 1347 2683 1399 con-

646 1427 973 1503 venienter
1001 1459 1074 1502 ac
1108 1438 1410 1501 decenter
1440 1435 1502 1516 in
1530 1433 1718 1500 domo
1743 1433 1857 1499 viri
1889 1434 1982 1499 sui
2010 1445 2255 1498 versata
2279 1429 2496 1507 fucrit,
2528 1425 2685 1503 ‚tunc

652 1559 798 1607 curn
838 1541 1099 1622 ¹infamia
1152 1564 1222 1606 ac
1276 1542 1660 1607 contumelia
1705 1539 1985 1629 ejicitur,
2037 1539 2343 1606 ambabus
2395 1535 2688 1618 manibut

652 1648 841 1736 capiti
877 1648 1183 1735 impositis
1214 1672 1228 1711 :
1259 1650 1800 1734 quemadmodum
1827 1659 1891 1712 et
1913 1645 1975 1712 in
2001 1648 2138 1736 lege
2161 1644 2390 1742 Moysis
2416 1645 2689 1724 obscure

656 1751 944 1816 innuitur
980 1750 1058 1812 de
1093 1750 1358 1813 muliere
1394 1750 1791 1822 refractaria‚
1830 1771 1969 1833 quae
2006 1748 2140 1810 viro
2180 1769 2294 1809 suo
2332 1743 2492 1814 nihil
2522 1766 2694 1830 com-3

652 1851 825 1915 modi
857 1861 1128 1938 praestat.
1166 1850 1330 1914 Tum
1366 1853 1625 1938 demum
1661 1850 1761 1912 illa
1797 1849 2082 1912 dolorem
2113 1868 2185 1909 ac
2220 1848 2464 1914 luctum
2499 1846 2701 1919 maxi,

608 2037 609 2040 Ἴ
652 1976 833 2020 mum
863 1953 1166 2028 sustinet,
1203 1976 1351 2020 cum
1388 1977 1605 2024 secum
1653 1948 1987 2042 perpendit
2025 1949 2274 2040 quantis
2320 1941 2554 2017 divitiis
2590 1971 2698 2024 ex·-

650 2056 906 2130 ciderit‚
951 2077 1072 2143 qua
1102 2056 1298 2146 gloria
1331 2057 1410 2123 sit
1451 2057 1732 2146 privata,
1771 2066 2136 2146 contempta
2178 2054 2259 2122 ob
2304 2047 2694 2124 dementiam

655 2182 857 2225 suam.

661 2267 691 2302 ‘
742 2265 821 2330 Π.
870 2262 975 2331 Sic
1008 2288 1262 2356 quoque
1302 2268 1533 2345 anima,
1568 2269 1751 2358 cujus
1783 2266 2174 2360 connubium
2206 2266 2255 2332 si
2290 2264 2538 2362 petierit
2560 2285 2692 2328 cte--

650 2363 824 2436 lestis
857 2395 1121 2462 sponsus
1164 2372 1486 2452 Christus,
1527 2373 1589 2439 in
1621 2372 1957 2464 mysticam
1991 2396 2064 2447 ac
2102 2372 2382 2445 divinam
2421 2368 2691 2457 societa-

648 2490 779 2544 tem
825 2503 1042 2556 suam,
1093 2503 1369 2570 cumque
1418 2482 1761 2570 gustaverit
1805 2482 2093 2545 cmlestes
2131 2478 2376 2545 divitias
2402 2527 2419 2552 ‚
2465 2496 2688 2563 magna

652 2582 731 2684 ³1¹.
780 2586 1098 2672 diligentia
1163 2598 1351 2674 atque
1406 2586 1677 2672 ingenue
1732 2588 1984 2671 placere
2037 2585 2229 2650 dehet
2289 2606 2403 2655 suo
2464 2602 2690 2670 sponso.

656 2684 946 2774 Christo,
983 2701 1048 2751 et
1078 2688 1498 2751 ministerium
1529 2687 1797 2773 Spiritus
1833 2686 1951 2749 sibi
1984 2690 2423 2752 concreditum
2460 2690 2685 2753 decen·

656 2799 756 2852 ter
790 2801 855 2852 et
880 2789 1330 2853 convenienter
1350 2789 1638 2874 implere,
1673 2790 2003 2875 utplaceat
2024 2788 2157 2852 Deo
2188 2789 2251 2853 in
2285 2792 2607 2866 omnibus,
2631 2800 2698 2853 et

654 2890 960 2981 Spiritum
999 2891 1062 2956 in
1091 2893 1261 2956 nullat
1301 2914 1370 2955 re
1403 2891 1762 2966 contristet,
1805 2880 1875 2955 ac
1913 2892 2282 2980 praeclaram
2321 2916 2468 2991 erga
2509 2894 2693 2961 illum

661 2996 1038 3063 modestiam
1081 3006 1146 3060 et
1194 2996 1602 3065 ditectionem
1640 2998 1941 3062 decenter
1985 3008 2355 3091 conservet,
2401 3007 2590 3084 atque
2629 2992 2693 3063 iu

659 3103 852 3175 domo
898 3102 1169 3171 coelestis
1210 3102 1397 3191 Regis
1435 3115 1610 3171 recte
1663 3114 2094 3177 conversetur,
2146 3102 2351 3191 sitque
2394 3124 2695 3169 concessa

654 3207 857 3297 gratia
897 3207 1015 3296 ipsi
1059 3208 1123 3274 in
1163 3209 1463 3277 omnibus
1506 3221 1681 3297 grata
1723 3222 1790 3275 et
1827 3222 2110 3300 accepta.
2163 3210 2340 3277 Ecce
2379 3209 2695 3298 ejusmodi

657 3312 1175 3385 animaomnium
1209 3312 1464 3381 Domini
1491 3313 1809 3381 bonorum
1842 3314 2097 3382 domina
2134 3316 2574 3387 constituitur.
2605 3325 2700 3383 nt-

655 3438 780 3513 que
819 3418 953 3509 ipse
999 3418 1300 3507 splendor
1338 3416 1698 3485 Divinitatis
1728 3441 1957 3510 corpus
1996 3421 2137 3509 ejus
2176 3420 2405 3491 existit.
2450 3419 2518 3487 Si
2547 3442 2696 3489 vero

654 3519 808 3621 quid
841 3521 1186 3598 aberrarit,
1223 3544 1297 3590 ac
1328 3521 1484 3589 citra
1516 3524 1820 3593 decorum
1854 3527 2053 3615 egerit
2078 3514 2232 3612 quid
2253 3527 2317 3591 in
2340 3524 2696 3599 ministerio

657 3649 773 3696 suo
791 3675 809 3703 ,
846 3648 965 3692 nec
989 3640 1162 3716 grata
1195 3628 1252 3693 ei
1283 3627 1546 3706 fecerit,
1575 3654 1696 3697 nec
1719 3631 2026 3697 voluntati
2055 3630 2112 3715 ej
2124 3653 2194 3693 us
2220 3628 2545 3716 paruerit,
2581 3651 2689 3699 ne-

657 3756 780 3821 que
825 3746 1161 3823 cooperata
1201 3758 1348 3801 cum
1383 3737 1578 3825 gratia
1614 3736 1883 3825 Spiritus
1927 3756 2146 3807 secum
2187 3734 2524 3809 habitante,
2555 3734 2699 3815 suf-⁵·-

624 3840 774 3921 5rit,
833 3853 984 3904 tunc
1030 3863 1158 3906 non
1206 3843 1444 3930 absque
1487 3841 1870 3906 contumelia
1920 3863 1990 3905 ac
2036 3839 2393 3917 dedecore,
2453 3842 2698 3907 honore

651 3943 925 4020 exuitur,
963 3968 1034 4010 ac
1067 3947 1347 4038 privatur
1367 3947 1491 4011 vita
1519 3957 1819 4037 tanquam
1844 3944 2083 4021 inutilis
2110 3944 2338 4021 effecta
2356 3994 2380 4022 ,
2402 3943 2700 4021 minime-

662 4071 785 4138 que
815 4062 956 4140 apta
989 4052 1289 4119 societate
1313 4051 1583 4117 coelestis
1599 4036 1803 4140 Regis.
1835 4050 1930 4118 Ac
1952 4053 2210 4119 tandem
2232 4063 2498 4141 propter
2528 4050 2704 4121 illam
