2982 4885
1096 643 1353 689 numus
1399 643 1614 687 xxvlu.
1944 660 1961 673 ‘
2249 649 2373 714 217

343 883 708 904 mmmm*
718 885 897 906 ww·
907 883 1636 908 mmmwwmflssw
1650 886 2287 911 mssimmmuq
2297 891 2389 912 m

971 1080 1374 1151 HOMILIA
1421 1082 1748 1152 XXVIII.

346 1321 699 1395 Describit
743 1347 829 1393 ac
898 1320 1233 1419 deplorat
1292 1320 1453 1392 hoec
1510 1318 1831 1390 Homt'lc'a
1898 1319 2382 1392 calamitatem

444 1441 708 1507 animoe
723 1488 747 1520 ,
807 1441 881 1504 in
936 1460 1077 1530 qua
1111 1448 1412 1530 propter·
1459 1448 1847 1532 peccatum
1903 1460 2048 1505 non
2102 1434 2388 1504 habitat
2456 1430 2461 1443 ’

456 1544 793 1616 Christus.
866 1550 967 1613 Ec
1022 1546 1115 1614 de
1173 1552 1449 1616 Ioanne
1509 1548 1837 1644 Baptista
1872 1600 1894 1632 ,
1956 1546 2163 1642 quod
2210 1547 2395 1616 inter
2476 1642 2481 1647 Ο

448 1674 659 1730 natos
699 1656 1068 1727 mulierum
1123 1655 1498 1763 nullusxeo
1544 1664 1642 1729 sic
1681 1656 1933 1756 major.

441 1901 488 1965 Ι.
546 1896 1033 1978 Ουευᾼυυουυω
1081 1899 1234 1963 olim
1288 1896 1455 1963 Deus
1508 1898 1786 1964 infensus
1832 1895 1874 1961 J
1880 1896 2070 1961 udaeis
2131 1894 2392 1964 tradidit

349 2002 700 2069 Jerusalem
724 2002 788 2068 in
821 2005 1254 2091 spectaculum
1281 2003 1605 2090 hostibus,
1633 2016 1699 2069 et
1728 2002 2035 2068 dominati
2063 2011 2213 2066 sunt
2242 2024 2351 2065 eos
2368 2049 2386 2076 ,

350 2107 458 2195 qui
482 2110 749 2174 oderant
782 2107 952 2184 illos,
980 2132 1098 2174 nec
1130 2120 1266 2174 erat
1290 2110 1562 2197 amplius
1587 2107 1674 2175 ibi
1700 2107 1929 2174 festum
1946 2156 1964 2183 ,
1989 2129 2198 2193 neque
2221 2107 2393 2172 obla-

355 2213 441 2277 tio
485 2236 501 2277 ε
552 2213 640 2278 sic
693 2212 884 2278 etiam
939 2214 1136 2278 iratus
1201 2215 1461 2287 unimae,
1514 2227 1775 2302 propter
1833 2212 2392 2299 transgressionem

355 2316 671 2387 mandati,
700 2315 955 2378 tradidit
978 2338 1119 2378 eam
1151 2317 1438 2380 hostibus
1457 2363 1473 2389 ,
1514 2317 1906 2381 daemonibus
1938 2328 2003 2380 et
2044 2313 2395 2378 affectioni-

360 2417 481 2483 bus
509 2438 524 2481 :
563 2415 673 2505 qui
704 2437 853 2480 cum
885 2416 974 2481 sic
1007 2418 1402 2484 seduxissent
1430 2439 1572 2482 eam
1591 2465 1609 2492 ,
1629 2418 1878 2504 penitus
1907 2441 2048 2482 eam
2080 2416 2396 2482 deforma-

362 2534 556 2587 runt:
595 2543 714 2586 nec
750 2521 1017 2609 amplius
1055 2519 1185 2585 illic
1231 2533 1365 2585 erat
1409 2521 1676 2596 festum,
1729 2544 1847 2586 nec
1880 2520 2209 2585 incensum
2232 2570 2248 2595 ,
2283 2544 2402 2586 nec

363 2626 599 2692 oblatio
624 2650 738 2716 per
767 2648 909 2691 eam
933 2626 1067 2692 Deo
1099 2625 1518 2702 offerebatur,
1547 2625 1801 2715 repletis
1824 2626 1888 2691 in
1912 2624 2027 2690 viis
2053 2625 2402 2713 insignibus

364 2731 503 2819 ejus
535 2732 683 2797 diris
707 2731 853 2796 seris
871 2780 887 2805 ,
918 2753 991 2795 ac
1017 2731 1344 2820 reptilibus
1369 2731 1690 2820 spiritibus
1720 2731 1782 2795 in
1816 2754 1890 2795 ea
1915 2730 2396 2796 diversantibus.

365 2838 446 2903 Et
478 2836 1014 2925 quemadmodum
1048 2840 1305 2913 domus,
1344 2838 1393 2902 si
1433 2851 1647 2903 careat
1675 2838 1949 2903 Domino
1980 2835 2399 2910 inhabitante,

368 2946 658 3011 tenebras
679 2994 697 3019 ,
733 2945 1040 3031 probrum
1055 2966 1126 3008 ac
1158 2943 1609 3009 contumeliam
1636 2944 1870 3020 induit,
1896 2943 2314 3031 sordibusque
2330 2963 2405 3007 ac
2482 2945 2489 2952 ’

364 3064 645 3116 stercore
699 3052 1011 3138 repletum
1076 3049 1165 3113 sic
1212 3071 1464 3136 quoque
1521 3049 1726 3124 anima
1778 3050 2105 3116 destituta-
2131 3048 2405 3115 Domino

368 3178 518 3231 suo,
551 3177 697 3220 cum
734 3155 989 3243 Angelis
1019 3154 1083 3218 in
1117 3177 1183 3219 se
1211 3154 1629 3242 tripudiante,
1657 3154 1936 3219 tenebris
1958 3153 2240 3243 peccati,
2276 3166 2405 3219 tur-

368 3260 653 3351 pitudine
686 3259 1091 3326 affectionum
1124 3273 1311 3348 atque
1343 3259 1518 3326 omui
1552 3260 1890 3349 ignominia
1917 3262 2217 3347 repletur.

457 3367 533 3431 11.
591 3365 695 3431 Vae
729 3364 887 3442 yiae,
931 3365 981 3429 si
1029 3388 1216 3430 nemo
1254 3366 1319 3429 in
1357 3388 1432 3430 ea
1472 3356 1795 3438 ambulet,
1840 3385 1960 3427 nee
1994 3360 2209 3425 audiat
2242 3359 2305 3424 in
2335 3382 2409 3424 ea

369 3493 592 3537 vocem
633 3469 959 3535 hominis!
1010 3469 1156 3554 quia
1203 3470 1682 3552 receptaculum
1732 3479 1830 3531 est
1874 3462 2244 3528 bestiarum.
2304 3463 2406 3530 Vae

375 3577 597 3639 animae
633 3622 650 3648 ,
685 3577 735 3640 si
775 3598 904 3640 non
950 3573 1234 3638 ambulet
1274 3570 1337 3632 in
1384 3591 1459 3632 ea
1490 3570 1803 3634 Dominus
1836 3618 1853 3642 ,
1893 3580 2081 3654 atque
2111 3589 2267 3633 voce
2298 3591 2411 3635 sua

377 3678 551 3762 fuget
580 3700 657 3741 ex
677 3702 749 3742 ea
773 3679 1125 3766 spirituales
1158 3673 1453 3763 nequitiae
1485 3671 1755 3737 bestias!
1789 3671 1897 3736 Vae
1924 3668 2177 3743 domui,
2208 3671 2411 3735 sinon

383 3781 676 3854 dominus
715 3806 855 3846 eam
891 3784 1237 3849 inhabitet!
1272 3783 1381 3848 Va:
1414 3795 1636 3856 terrae,
1673 3779 1723 3845 si
1750 3777 2057 3853 caruerit,
2089 3776 2199 3864 qui
2229 3798 2413 3843 exer-

383 3898 526 3954 ceat
556 3907 735 3960 eam,
786 3869 1046 3949 colono!
1093 3886 1196 3952 Vae
1231 3887 1407 3961 navi,
1441 3886 1491 3952 si
1526 3884 1904 3952 destituatur
1941 3881 2367 3970 gubernatore
2390 3930 2408 3955 ,

371 3990 685 4083 ,quoniam
721 3988 1024 4056 fluctibus
1059 4001 1122 4055 et
1157 4003 1528 4079 tempestate
1566 3991 1758 4057 maris
1795 3989 2027 4076 jactata
2057 3986 2253 4077 perit!
2305 3986 2414 4053 Vae

384 4100 610 4170 animae
630 4148 650 4180 ,
701 4119 851 4173 cum
893 4118 1113 4169 verum
1156 4097 1646 4186 gubernatorem
1694 4095 2017 4168 Christum
2060 4094 2128 4164 in
2174 4116 2243 4163 se
2285 4113 2416 4162 non
