2982 4885
1037 522 1294 578 nemus
1341 528 1521 577 xvm.
2139 561 2142 562 ν
2179 505 2303 603 1:57

353 640 491 714 Vn.
544 641 673 727 Qui
711 644 883 711 enim
914 643 1195 713 >evadere
1236 646 1349 713 filii
1385 648 1544 724 Dei,
1591 657 1657 712 et
1699 669 1776 712 ex
1808 642 2046 736 Spiritu
2091 661 2310 716 sancto

268 756 539 843 desuper
563 753 805 820 renasci
843 752 1014 841 digni
1045 766 1191 819 sunt
1221 753 1457 829 habiti,
1486 765 1676 840 atque
1701 753 2027 820 Christum
2067 754 2297 820 illumi·

263 874 526 927 nantem
564 883 635 925 ac
659 872 1055 926 recreantem
1079 860 1277 925 cosin
1305 883 1373 925 se
1403 849 1751 949 possident,
1782 857 1968 924 variis
2002 881 2078 925 ac
2112 859 2312 927 diver·

268 967 351 1032 sis
381 967 581 1032 modis
614 990 648 1032 a
673 965 914 1055 Spiritu
937 965 1316 1055 dirigantur,
1343 977 1407 1032 et
1431 966 1833 1032 invisibiliter
1856 965 1920 1030 in
1946 967 2141 1032 corde
2162 988 2312 1033 cum

266 1072 484 1159 requie
508 1071 820 1160 spirituali
839 1093 872 1135 a
896 1070 1093 1159 gratia
1119 1074 1463 1138 ducuntur.
1503 1071 1905 1138 proferamus
1925 1093 2078 1137 vero
2107 1095 2185 1137 ex
2208 1072 2304 1148 iis,

269 1198 406 1263 qua:
448 1177 510 1240 in
539 1178 784 1242 mundo
822 1189 971 1242 sunt
1006 1178 1348 1265 conspicua
1373 1227 1389 1250 ,
1432 1201 1850 1267 personarum
1888 1176 2167 1267 figuras,
2204 1191 2310 1254 ut,

266 1303 392 1368 qua
432 1282 675 1346 ratione
716 1282 983 1369 gratiam
1024 1281 1089 1346 in
1135 1282 1346 1347 anima
1388 1304 1455 1346 se
1489 1293 1701 1369 gerat,
1756 1282 1963 1370 aliqua
2006 1306 2085 1348 ex
2113 1285 2313 1372 sparte

210 1431 223 1438 -
272 1387 575 1474 exemplis
610 1387 802 1452 veluti
836 1389 1366 1451 demonstremus.
1394 1384 1559 1451 Sunt
1589 1385 1936 1460 interdum,
1973 1388 2084 1474 qui
2116 1411 2150 1453 a
2177 1411 2317 1477 gra-

225 1559 241 1570 ,
278 1491 362 1554 tia
396 1494 749 1564 ducuntur,
783 1503 857 1554 ut
886 1489 995 1575 qui
1035 1491 1098 1554 in
1131 1512 1308 1553 coena
1347 1489 1518 1575 regia
1566 1492 1898 1564 laetantur,
1941 1505 2007 1554 et
2041 1494 2324 1555 exultant

278 1594 667 1658 exultatione
699 1613 779 1658 ao
795 1591 1008 1660 laetitia
1035 1590 1378 1656 ineffabili:
1411 1593 1531 1655 alia
1555 1613 1705 1655 vero
1725 1591 1882 1655 hora
1915 1592 2147 1657 similes
2179 1605 2326 1660 sunt

279 1722 549 1790 sponszc,
583 1721 723 1787 quae
754 1697 987 1762 fruitur
1010 1697 1074 1762 in
1101 1697 1571 1786 conjugiofflcum
1603 1719 1834 1792 sponso
1859 1719 1973 1762 suo
2005 1699 2326 1787 voluptate

285 1806 514 1871 divina.
557 1805 918 1893 Aliquando
950 1802 1117 1868 fiunt
1155 1804 1347 1869 veluti
1376 1804 1603 1891 Angeli
1636 1802 1991 1892 incorporei
2014 1852 2031 1876 .
2058 1803 2123 1869 in
2159 1816 2328 1871 tauta

282 1913 536 1978 levitate
568 1933 644 1977 ac
683 1909 1033 1980 subtilitate
1064 1931 1192 1974 una
1234 1932 1384 1975 cum
1425 1931 1697 1998 corpore
1728 1909 2074 1977 constituti.
2119 1910 2326 1977 Inter-

285 2018 438 2082 dum
475 2029 659 2093 sunt,
700 2028 773 2082 ut
817 2016 926 2104 qui
963 2028 1120 2105 potu
1156 2014 1448 2082 inebriati
1496 2027 1562 2081 et
1607 2013 1847 2104 Spiritu
1888 2018 2325 2097 delectantur,

287 2123 714 2201 inebriantur,
763 2121 1074 2189 ebrietate
1109 2121 1354 2188 scilicet
1384 2120 1745 2187 divinorum
1790 2144 1862 2187 ac
1903 2121 2328 2211 spiritualium

287 2230 759 2317 mysteriorum.

383 2333 541 2398 VIII.
602 2333 934 2395 Interdum
983 2343 1134 2395 sunt
1185 2332 1360 2395 velut
1409 2333 1475 2394 in
1534 2333 1716 2395 luctu
1766 2343 1830 2396 et
1879 2332 2333 2397 lamentatione

292 2447 554 2526 propter
590 2457 791 2530 genus
829 2432 1182 2499 humanum
1211 2480 1230 2506 ,
1282 2455 1356 2497 ac
1404 2433 1706 2520 precibus
1759 2456 1896 2519 pro·
1928 2448 2061 2499 toto
2105 2458 2337 2523 genere

296 2545 579 2609 humano
611 2538 859 2613 effusis,
894 2540 974 2603 ad
1003 2540 1318 2625 lacrymas
1343 2586 1361 2613 ,
1397 2550 1464 2603 et
1497 2538 1575 2603 ad
1605 2539 1851 2602 luctum
1876 2539 2334 2626 prolabuntur,

300 2647 642 2715 dilectione
674 2637 982 2735 spirituali
1021 2665 1169 2732 erga
1202 2642 1556 2708 humanum
1592 2664 1793 2731 genus
1823 2644 2091 2709 accensi.
2123 2644 2340 2711 Inter-

302 2758 458 2822 dum
487 2776 636 2819 vcro
661 2753 739 2818 ad
769 2763 1007 2817 tantam
1025 2748 1479 2817 exultationem
1507 2771 1578 2815 ac
1603 2749 2008 2815 dilectionem
2033 2774 2065 2816 a
2100 2751 2338 2842 Spiritu

304 2860 813 2934 inflammantur,
858 2847 960 2934 ut,
1002 2857 1054 2923 si
1092 2855 1231 2922 sieri
1269 2855 1464 2945 possit
1491 2905 1511 2932 ,
1550 2877 1771 2921 omnes
1806 2854 2095 2923 homines
2131 2857 2194 2923 in
2227 2882 2340 2925 sua

301 2967 542 3031 viscera
569 2962 995 3052 conjicerent,
1026 2962 1199 3029 nulla
1238 2983 1356 3026 nec
1382 2962 1701 3026 bonorum
1731 2983 1850 3027 nec
1881 2963 2196 3028 malorum
2226 2963 2341 3029 ha-

304 3073 432 3137 bita
467 3070 728 3135 ratione.
769 3068 1103 3133 Interdum
1137 3087 1288 3131 vero
1326 3064 1753 3131 demittuntur
1787 3065 1942 3132 infra
1974 3090 2196 3135 omues
2224 3070 2346 3136 ho—

308 3176 508 3241 mines
533 3175 596 3238 in
631 3173 985 3239 humilitate
1023 3170 1319 3260 Spiritus,
1347 3179 1417 3235 ut
1446 3168 1515 3236 se
1539 3171 1705 3261 ipsos
1727 3170 2015 3236 omnium
2049 3173 2348 3262 abjectis-

311 3282 481 3346 sima:
520 3305 591 3346 ac
627 3279 860 3345 infimae
892 3278 1273 3345 conditionis
1304 3290 1623 3367 reputent.
1664 3278 1989 3343 Interdum
2029 3279 2093 3342 in
2118 3282 2348 3367 gaudio

313 3387 614 3467 ineffabili
637 3410 670 3451 a
687 3385 928 3475 Spiritu
953 3397 1427 3451 conservantur.
1460 3383 1789 3449 Interdum
1814 3384 2151 3447 suntvelut
2174 3383 2351 3450 sortis

316 3493 622 3582 quispiam
644 3541 661 3567 ,
701 3492 809 3579 qui
842 3491 1198 3557 universam
1233 3498 1616 3552 armaturam
1652 3486 1814 3575 regis
1847 3485 2147 3561 induens,
2188 3500 2253 3553 et
2287 3489 2354 3555 in

316 3600 606 3686 praelium
654 3599 1044 3663 descendens
1078 3622 1105 3672 ,·
1153 3594 1452 3659 adversus
1504 3580 1717 3655 Be'stes
1769 3589 2015 3653 sortiter
2060 3589 2354 3676 dimicat,
2403 3602 2410 3611 ‘

322 3723 559 3786 eosque
603 3702 810 3767 vincit.
860 3702 1105 3768 Eodem
1151 3699 1342 3764 modo
1378 3693 1718 3785 spiritualis
1749 3693 1980 3769 homo,
2027 3697 2360 3784 assumptis

323 3804 689 3873 coelestibus
713 3788 898 3871 armis
919 3808 1187 3895 Spiritus
1203 3804 1222 3839 ⁸
1238 3853 1254 3880 ,
1282 3803 1496 3869 hostes
1521 3800 1797 3875 invadit,
1821 3800 2169 3889 praelioque
2191 3823 2363 3875 com-

324 3912 519 3981 misso
550 3906 807 3995 subjicit
828 3909 965 3992 illos
995 3910 1266 3997 pedibus
1291 3908 1437 3975 suis.
2189 3900 2211 3912 ’

398 4062 415 4090 ⁸
442 4048 627 4120 Ephes.
646 4061 712 4105 vr,
741 4062 815 4105 η,
837 4052 888 4097 et
909 4060 1043 4113 seqq.
