<?xml version="1.0" encoding="UTF-8"?>
<!DOCTYPE html PUBLIC "-//W3C//DTD XHTML 1.0 Transitional//EN"
    "http://www.w3.org/TR/xhtml1/DTD/xhtml1-transitional.dtd">
<html xmlns="http://www.w3.org/1999/xhtml" xml:lang="en" lang="en">
 <head>
  <title>
</title>
<meta http-equiv="Content-Type" content="text/html;charset=utf-8" />
  <meta name='ocr-system' content='tesseract 3.04.00' />
  <meta name='ocr-capabilities' content='ocr_page ocr_carea ocr_par ocr_line ocrx_word'/>
</head>
<body>
  <div class='ocr_page' id='page_1' title='image "./sanctorummacari00egypgoog_0515.png"; bbox 0 0 2982 4885; ppageno 0'>
   <div class='ocr_carea' id='block_1_1' title="bbox 1038 491 2410 577">
    <p class='ocr_par' dir='ltr' id='par_1_1' title="bbox 1038 491 2410 577">
     <span class='ocr_line' id='line_1_1' title="bbox 1038 491 2410 577; baseline -0.001 -25"><span class='ocrx_word' id='word_1_1' title='bbox 1038 508 1273 552; x_wconf 63' lang='lat' dir='ltr'><strong>neuun</strong></span> <span class='ocrx_word' id='word_1_2' title='bbox 1323 507 1716 551; x_wconf 71' lang='lat' dir='ltr'><strong>omnm-Ans,</strong></span> <span class='ocrx_word' id='word_1_3' title='bbox 2270 491 2410 577; x_wconf 70' lang='lat'><strong>469</strong></span> 
     </span>
    </p>
   </div>
   <div class='ocr_carea' id='block_1_2' title="bbox 303 622 2405 4069">
    <p class='ocr_par' dir='ltr' id='par_1_2' title="bbox 370 622 2403 795">
     <span class='ocr_line' id='line_1_2' title="bbox 370 622 2403 719; baseline 0.002 -29"><span class='ocrx_word' id='word_1_4' title='bbox 370 638 599 713; x_wconf 70' lang='lat' dir='ltr'><strong>prater</strong></span> <span class='ocrx_word' id='word_1_5' title='bbox 644 648 717 690; x_wconf 85' lang='lat' dir='ltr'><strong>ea</strong></span> <span class='ocrx_word' id='word_1_6' title='bbox 746 673 762 698; x_wconf 93' lang='lat'><em>‚</em></span> <span class='ocrx_word' id='word_1_7' title='bbox 817 647 954 711; x_wconf 80' lang='lat' dir='ltr'><strong>quae</strong></span> <span class='ocrx_word' id='word_1_8' title='bbox 1006 624 1071 688; x_wconf 87' lang='lat' dir='ltr'><strong>in</strong></span> <span class='ocrx_word' id='word_1_9' title='bbox 1115 622 1440 689; x_wconf 88' lang='lat' dir='ltr'><strong>communi</strong></span> <span class='ocrx_word' id='word_1_10' title='bbox 1490 625 1852 690; x_wconf 83' lang='lat' dir='ltr'><strong>monasterii</strong></span> <span class='ocrx_word' id='word_1_11' title='bbox 1897 627 2034 713; x_wconf 83' lang='lat' dir='ltr'><strong>lege</strong></span> <span class='ocrx_word' id='word_1_12' title='bbox 2085 641 2403 719; x_wconf 61' lang='lat' dir='ltr'><strong>praecepta</strong></span> 
     </span>
     <span class='ocr_line' id='line_1_3' title="bbox 371 743 536 795; baseline 0.006 -1"><span class='ocrx_word' id='word_1_13' title='bbox 371 743 536 795; x_wconf 78' lang='lat' dir='ltr'><strong>sunt.</strong></span> 
     </span>
    </p>

    <p class='ocr_par' dir='ltr' id='par_1_3' title="bbox 364 834 2405 1133">
     <span class='ocr_line' id='line_1_4' title="bbox 457 834 2405 922; baseline 0.003 -24"><span class='ocrx_word' id='word_1_14' title='bbox 457 834 622 899; x_wconf 88' lang='lat' dir='ltr'><strong>VIII.</strong></span> <span class='ocrx_word' id='word_1_15' title='bbox 679 834 966 922; x_wconf 82' lang='lat' dir='ltr'>Cumque</span> <span class='ocrx_word' id='word_1_16' title='bbox 1013 838 1092 899; x_wconf 82' lang='lat' dir='ltr'><strong>ad</strong></span> <span class='ocrx_word' id='word_1_17' title='bbox 1141 835 1582 900; x_wconf 85' lang='lat' dir='ltr'><strong>dormiendum</strong></span> <span class='ocrx_word' id='word_1_18' title='bbox 1619 857 1683 898; x_wconf 83' lang='lat' dir='ltr'><strong>se</strong></span> <span class='ocrx_word' id='word_1_19' title='bbox 1731 838 2208 914; x_wconf 78' lang='lat' dir='ltr'>collocaverint,</span> <span class='ocrx_word' id='word_1_20' title='bbox 2242 841 2405 903; x_wconf 81' lang='lat' dir='ltr'><strong>alter</strong></span> 
     </span>
     <span class='ocr_line' id='line_1_5' title="bbox 367 939 2398 1028; baseline 0.002 -23"><span class='ocrx_word' id='word_1_21' title='bbox 367 940 543 1005; x_wconf 85' lang='lat' dir='ltr'><strong>alteri</strong></span> <span class='ocrx_word' id='word_1_22' title='bbox 575 964 702 1005; x_wconf 90' lang='lat' dir='ltr'><strong>non</strong></span> <span class='ocrx_word' id='word_1_23' title='bbox 736 943 1049 1027; x_wconf 83' lang='lat' dir='ltr'><strong>loquatur.</strong></span> <span class='ocrx_word' id='word_1_24' title='bbox 1091 942 1330 1005; x_wconf 81' lang='lat' dir='ltr'><strong>Cellam</strong></span> <span class='ocrx_word' id='word_1_25' title='bbox 1366 943 1643 1013; x_wconf 81' lang='lat' dir='ltr'><strong>alterius,</strong></span> <span class='ocrx_word' id='word_1_26' title='bbox 1690 939 1808 1004; x_wconf 82' lang='lat' dir='ltr'><strong>nisi</strong></span> <span class='ocrx_word' id='word_1_27' title='bbox 1840 941 2012 1028; x_wconf 81' lang='lat' dir='ltr'><strong>prius</strong></span> <span class='ocrx_word' id='word_1_28' title='bbox 2045 945 2125 1007; x_wconf 84' lang='lat' dir='ltr'><strong>ad</strong></span> <span class='ocrx_word' id='word_1_29' title='bbox 2161 946 2398 1010; x_wconf 86' lang='lat' dir='ltr'><strong>ostium</strong></span> 
     </span>
     <span class='ocr_line' id='line_1_6' title="bbox 364 1047 1446 1133; baseline 0 -22"><span class='ocrx_word' id='word_1_30' title='bbox 364 1047 714 1133; x_wconf 78' lang='lat' dir='ltr'><strong>percutiat,</strong></span> <span class='ocrx_word' id='word_1_31' title='bbox 751 1047 1008 1112; x_wconf 85' lang='lat' dir='ltr'><strong>introire</strong></span> <span class='ocrx_word' id='word_1_32' title='bbox 1042 1070 1166 1111; x_wconf 90' lang='lat' dir='ltr'><strong>non</strong></span> <span class='ocrx_word' id='word_1_33' title='bbox 1201 1048 1446 1112; x_wconf 80' lang='lat' dir='ltr'><strong>audeat.</strong></span> 
     </span>
    </p>

    <p class='ocr_par' dir='ltr' id='par_1_4' title="bbox 303 1151 2398 1559">
     <span class='ocr_line' id='line_1_7' title="bbox 452 1151 2398 1242; baseline 0.002 -27"><span class='ocrx_word' id='word_1_34' title='bbox 452 1151 563 1217; x_wconf 80' lang='lat' dir='ltr'><strong>lx.</strong></span> <span class='ocrx_word' id='word_1_35' title='bbox 620 1154 861 1219; x_wconf 81' lang='lat' dir='ltr'><strong>Mutare</strong></span> <span class='ocrx_word' id='word_1_36' title='bbox 914 1156 992 1219; x_wconf 82' lang='lat' dir='ltr'><strong>cle</strong></span> <span class='ocrx_word' id='word_1_37' title='bbox 1040 1152 1182 1227; x_wconf 80' lang='lat' dir='ltr'>his,</span> <span class='ocrx_word' id='word_1_38' title='bbox 1231 1176 1369 1240; x_wconf 86' lang='lat' dir='ltr'><strong>quae</strong></span> <span class='ocrx_word' id='word_1_39' title='bbox 1417 1176 1449 1216; x_wconf 88' lang='lat' dir='ltr'>a</span> <span class='ocrx_word' id='word_1_40' title='bbox 1498 1155 1833 1241; x_wconf 60' lang='lat' dir='ltr'><strong>praeposito</strong></span> <span class='ocrx_word' id='word_1_41' title='bbox 1881 1154 2196 1242; x_wconf 80' lang='lat' dir='ltr'><strong>acceperit</strong></span> <span class='ocrx_word' id='word_1_42' title='bbox 2247 1176 2398 1219; x_wconf 87' lang='lat' dir='ltr'><strong>cum</strong></span> 
     </span>
     <span class='ocr_line' id='line_1_8' title="bbox 364 1259 2390 1346; baseline 0.001 -24"><span class='ocrx_word' id='word_1_43' title='bbox 364 1259 560 1323; x_wconf 76' lang='lat' dir='ltr'><strong>altero</strong></span> <span class='ocrx_word' id='word_1_44' title='bbox 586 1282 712 1323; x_wconf 89' lang='lat' dir='ltr'><strong>non</strong></span> <span class='ocrx_word' id='word_1_45' title='bbox 739 1260 1015 1324; x_wconf 81' lang='lat' dir='ltr'><strong>audebit.</strong></span> <span class='ocrx_word' id='word_1_46' title='bbox 1044 1259 1175 1338; x_wconf 75' lang='lat' dir='ltr'><strong>Nec</strong></span> <span class='ocrx_word' id='word_1_47' title='bbox 1202 1259 1470 1346; x_wconf 80' lang='lat' dir='ltr'><strong>accipiat</strong></span> <span class='ocrx_word' id='word_1_48' title='bbox 1503 1260 1758 1335; x_wconf 83' lang='lat' dir='ltr'><strong>melius,</strong></span> <span class='ocrx_word' id='word_1_49' title='bbox 1785 1274 1849 1325; x_wconf 89' lang='lat' dir='ltr'><strong>et</strong></span> <span class='ocrx_word' id='word_1_50' title='bbox 1871 1261 2046 1325; x_wconf 82' lang='lat' dir='ltr'><strong>(labit</strong></span> <span class='ocrx_word' id='word_1_51' title='bbox 2075 1261 2390 1333; x_wconf 84' lang='lat' dir='ltr'><strong>deterius;</strong></span> 
     </span>
     <span class='ocr_line' id='line_1_9' title="bbox 303 1365 2395 1451; baseline 0.002 -27"><span class='ocrx_word' id='word_1_52' title='bbox 303 1411 315 1423; x_wconf 88' lang='lat'><strong>.</strong></span> <span class='ocrx_word' id='word_1_53' title='bbox 363 1376 470 1427; x_wconf 76' lang='lat' dir='ltr'><strong>aut</strong></span> <span class='ocrx_word' id='word_1_54' title='bbox 499 1388 536 1428; x_wconf 91' lang='lat' dir='ltr'><strong>e</strong></span> <span class='ocrx_word' id='word_1_55' title='bbox 578 1366 896 1429; x_wconf 82' lang='lat' dir='ltr'><strong>contrario</strong></span> <span class='ocrx_word' id='word_1_56' title='bbox 937 1366 1090 1428; x_wconf 82' lang='lat' dir='ltr'><strong>dans</strong></span> <span class='ocrx_word' id='word_1_57' title='bbox 1132 1365 1358 1427; x_wconf 86' lang='lat' dir='ltr'><strong>melius</strong></span> <span class='ocrx_word' id='word_1_58' title='bbox 1403 1377 1467 1427; x_wconf 86' lang='lat' dir='ltr'><strong>et</strong></span> <span class='ocrx_word' id='word_1_59' title='bbox 1499 1365 1775 1428; x_wconf 87' lang='lat' dir='ltr'><strong>deterius</strong></span> <span class='ocrx_word' id='word_1_60' title='bbox 1808 1366 2142 1451; x_wconf 69' lang='lat' dir='ltr'><strong>occipiens».</strong></span> <span class='ocrx_word' id='word_1_61' title='bbox 2191 1365 2395 1431; x_wconf 85' lang='lat' dir='ltr'><strong>Nemo</strong></span> 
     </span>
     <span class='ocr_line' id='line_1_10' title="bbox 362 1468 2221 1559; baseline 0 -28"><span class='ocrx_word' id='word_1_62' title='bbox 362 1468 438 1532; x_wconf 77' lang='lat' dir='ltr'><strong>ab</strong></span> <span class='ocrx_word' id='word_1_63' title='bbox 465 1472 662 1532; x_wconf 74' lang='lat' dir='ltr'><strong>altero</strong></span> <span class='ocrx_word' id='word_1_64' title='bbox 695 1468 958 1554; x_wconf 83' lang='lat' dir='ltr'><strong>accipiat</strong></span> <span class='ocrx_word' id='word_1_65' title='bbox 990 1468 1314 1554; x_wconf 80' lang='lat' dir='ltr'>quidpiam</span> <span class='ocrx_word' id='word_1_66' title='bbox 1341 1518 1357 1542; x_wconf 85' lang='lat'><strong>,</strong></span> <span class='ocrx_word' id='word_1_67' title='bbox 1391 1468 1512 1532; x_wconf 85' lang='lat' dir='ltr'><strong>uisi</strong></span> <span class='ocrx_word' id='word_1_68' title='bbox 1546 1470 1918 1559; x_wconf 64' lang='lat' dir='ltr'><strong>praepositus</strong></span> <span class='ocrx_word' id='word_1_69' title='bbox 1949 1469 2221 1555; x_wconf 83' lang='lat' dir='ltr'><strong>jusserit.</strong></span> 
     </span>
    </p>

    <p class='ocr_par' dir='ltr' id='par_1_5' title="bbox 353 1571 2394 1871">
     <span class='ocr_line' id='line_1_11' title="bbox 447 1571 2392 1646; baseline 0.001 -10"><span class='ocrx_word' id='word_1_70' title='bbox 447 1571 531 1636; x_wconf 78' lang='lat' dir='ltr'><strong>X.-</strong></span> <span class='ocrx_word' id='word_1_71' title='bbox 573 1572 797 1635; x_wconf 79' lang='lat' dir='ltr'>Clausa</span> <span class='ocrx_word' id='word_1_72' title='bbox 831 1574 986 1635; x_wconf 78' lang='lat' dir='ltr'>cella</span> <span class='ocrx_word' id='word_1_73' title='bbox 1023 1574 1228 1637; x_wconf 87' lang='lat' dir='ltr'><strong>nullus</strong></span> <span class='ocrx_word' id='word_1_74' title='bbox 1264 1573 1574 1646; x_wconf 82' lang='lat' dir='ltr'><strong>dormiat3</strong></span> <span class='ocrx_word' id='word_1_75' title='bbox 1619 1596 1736 1639; x_wconf 90' lang='lat' dir='ltr'><strong>nec</strong></span> <span class='ocrx_word' id='word_1_76' title='bbox 1764 1576 1989 1639; x_wconf 81' lang='lat' dir='ltr'><strong>habeat</strong></span> <span class='ocrx_word' id='word_1_77' title='bbox 2023 1572 2392 1638; x_wconf 78' lang='lat' dir='ltr'><strong>cubiculum</strong></span> 
     </span>
     <span class='ocr_line' id='line_1_12' title="bbox 357 1676 2394 1767; baseline 0.001 -27"><span class='ocrx_word' id='word_1_78' title='bbox 357 1678 531 1763; x_wconf 87' lang='lat' dir='ltr'><strong>quod</strong></span> <span class='ocrx_word' id='word_1_79' title='bbox 560 1676 771 1741; x_wconf 81' lang='lat' dir='ltr'><strong>claudi</strong></span> <span class='ocrx_word' id='word_1_80' title='bbox 803 1677 1035 1763; x_wconf 77' lang='lat' dir='ltr'><strong>possit3</strong></span> <span class='ocrx_word' id='word_1_81' title='bbox 1070 1678 1185 1741; x_wconf 80' lang='lat' dir='ltr'><strong>nisi</strong></span> <span class='ocrx_word' id='word_1_82' title='bbox 1223 1677 1385 1743; x_wconf 82' lang='lat' dir='ltr'><strong>forte</strong></span> <span class='ocrx_word' id='word_1_83' title='bbox 1412 1680 1588 1744; x_wconf 72' lang='lat' dir='ltr'><strong>aetati</strong></span> <span class='ocrx_word' id='word_1_84' title='bbox 1615 1681 1882 1767; x_wconf 79' lang='lat' dir='ltr'><strong>alicujus</strong></span> <span class='ocrx_word' id='word_1_85' title='bbox 1913 1683 2013 1745; x_wconf 78' lang='lat' dir='ltr'><strong>vel</strong></span> <span class='ocrx_word' id='word_1_86' title='bbox 2044 1678 2394 1744; x_wconf 75' lang='lat' dir='ltr'><strong>infirmitati</strong></span> 
     </span>
     <span class='ocr_line' id='line_1_13' title="bbox 353 1784 1367 1871; baseline 0.001 -24"><span class='ocrx_word' id='word_1_87' title='bbox 353 1796 536 1871; x_wconf 78' lang='lat' dir='ltr'><strong>pater</strong></span> <span class='ocrx_word' id='word_1_88' title='bbox 568 1784 928 1847; x_wconf 83' lang='lat' dir='ltr'><strong>monasterii</strong></span> <span class='ocrx_word' id='word_1_89' title='bbox 969 1784 1367 1848; x_wconf 72' lang='lat' dir='ltr'><strong>concesserit.</strong></span> 
     </span>
    </p>

    <p class='ocr_par' dir='ltr' id='par_1_6' title="bbox 351 1887 2387 2187">
     <span class='ocr_line' id='line_1_14' title="bbox 440 1887 2386 1977; baseline 0.001 -24"><span class='ocrx_word' id='word_1_90' title='bbox 440 1887 553 1953; x_wconf 88' lang='lat' dir='ltr'><strong>XI.</strong></span> <span class='ocrx_word' id='word_1_91' title='bbox 609 1888 808 1953; x_wconf 89' lang='lat' dir='ltr'><strong>Nemo</strong></span> <span class='ocrx_word' id='word_1_92' title='bbox 848 1911 889 1951; x_wconf 71' lang='lat' dir='ltr'><strong>a</strong></span> <span class='ocrx_word' id='word_1_93' title='bbox 942 1902 1103 1951; x_wconf 82' lang='lat' dir='ltr'><strong>terra</strong></span> <span class='ocrx_word' id='word_1_94' title='bbox 1160 1889 1358 1952; x_wconf 78' lang='lat' dir='ltr'><strong>solvat</strong></span> <span class='ocrx_word' id='word_1_95' title='bbox 1405 1890 1760 1955; x_wconf 82' lang='lat' dir='ltr'><strong>funiculum</strong></span> <span class='ocrx_word' id='word_1_96' title='bbox 1816 1892 2059 1977; x_wconf 77' lang='lat' dir='ltr'><strong>ubsque</strong></span> <span class='ocrx_word' id='word_1_97' title='bbox 2102 1889 2386 1976; x_wconf 79' lang='lat' dir='ltr'><strong>jussione</strong></span> 
     </span>
     <span class='ocr_line' id='line_1_15' title="bbox 351 1992 2387 2083; baseline 0 -25"><span class='ocrx_word' id='word_1_98' title='bbox 351 1994 566 2081; x_wconf 80' lang='lat' dir='ltr'><strong>patris,</strong></span> <span class='ocrx_word' id='word_1_99' title='bbox 630 1994 756 2073; x_wconf 85' lang='lat' dir='ltr'><strong>Qui</strong></span> <span class='ocrx_word' id='word_1_100' title='bbox 815 1992 876 2057; x_wconf 92' lang='lat' dir='ltr'><strong>in</strong></span> <span class='ocrx_word' id='word_1_101' title='bbox 926 1992 1309 2058; x_wconf 80' lang='lat' dir='ltr'><strong>monasterio</strong></span> <span class='ocrx_word' id='word_1_102' title='bbox 1359 1994 1626 2059; x_wconf 79' lang='lat' dir='ltr'><strong>fra&#39;trum</strong></span> <span class='ocrx_word' id='word_1_103' title='bbox 1676 1996 1986 2061; x_wconf 82' lang='lat' dir='ltr'><strong>invenerit</strong></span> <span class='ocrx_word' id='word_1_104' title='bbox 2024 1994 2387 2083; x_wconf 78' lang='lat' dir='ltr'><strong>quidpiam,</strong></span> 
     </span>
     <span class='ocr_line' id='line_1_16' title="bbox 351 2096 1605 2187; baseline 0 -24"><span class='ocrx_word' id='word_1_105' title='bbox 351 2101 689 2187; x_wconf 75' lang='lat' dir='ltr'><strong>suspendat</strong></span> <span class='ocrx_word' id='word_1_106' title='bbox 710 2112 835 2173; x_wconf 54' lang='lat' dir='ltr'><strong>‚ut</strong></span> <span class='ocrx_word' id='word_1_107' title='bbox 874 2101 1050 2164; x_wconf 86' lang='lat' dir='ltr'><strong>tollat</strong></span> <span class='ocrx_word' id='word_1_108' title='bbox 1081 2096 1187 2185; x_wconf 89' lang='lat' dir='ltr'><strong>qui</strong></span> <span class='ocrx_word' id='word_1_109' title='bbox 1222 2100 1605 2187; x_wconf 83' lang='lat' dir='ltr'><strong>cognoverit.</strong></span> 
     </span>
    </p>

    <p class='ocr_par' dir='ltr' id='par_1_7' title="bbox 348 2203 2389 2706">
     <span class='ocr_line' id='line_1_17' title="bbox 439 2203 2389 2289; baseline 0.001 -21"><span class='ocrx_word' id='word_1_110' title='bbox 439 2203 582 2268; x_wconf 88' lang='lat' dir='ltr'><strong>XII.</strong></span> <span class='ocrx_word' id='word_1_111' title='bbox 636 2204 735 2267; x_wconf 77' lang='lat' dir='ltr'><strong>Ad</strong></span> <span class='ocrx_word' id='word_1_112' title='bbox 772 2206 1105 2266; x_wconf 82' lang='lat' dir='ltr'>collectam</span> <span class='ocrx_word' id='word_1_113' title='bbox 1137 2216 1203 2265; x_wconf 85' lang='lat' dir='ltr'><strong>et</strong></span> <span class='ocrx_word' id='word_1_114' title='bbox 1250 2204 1327 2266; x_wconf 81' lang='lat' dir='ltr'><strong>ad</strong></span> <span class='ocrx_word' id='word_1_115' title='bbox 1372 2204 1768 2289; x_wconf 78' lang='lat' dir='ltr'><strong>psallendum</strong></span> <span class='ocrx_word' id='word_1_116' title='bbox 1809 2205 2021 2267; x_wconf 78' lang='lat' dir='ltr'><strong>nullus</strong></span> <span class='ocrx_word' id='word_1_117' title='bbox 2049 2203 2166 2267; x_wconf 82' lang='lat' dir='ltr'><strong>sibi</strong></span> <span class='ocrx_word' id='word_1_118' title='bbox 2201 2212 2389 2269; x_wconf 76' lang='lat' dir='ltr'><strong>‘ocea-</strong></span> 
     </span>
     <span class='ocr_line' id='line_1_18' title="bbox 351 2304 2386 2390; baseline 0.001 -20"><span class='ocrx_word' id='word_1_119' title='bbox 351 2308 591 2370; x_wconf 86' lang='lat' dir='ltr'><strong>sionem</strong></span> <span class='ocrx_word' id='word_1_120' title='bbox 618 2305 890 2368; x_wconf 80' lang='lat' dir='ltr'><strong>inveniat</strong></span> <span class='ocrx_word' id='word_1_121' title='bbox 909 2352 925 2377; x_wconf 92' lang='lat'><strong>,</strong></span> <span class='ocrx_word' id='word_1_122' title='bbox 969 2304 1198 2388; x_wconf 85' lang='lat' dir='ltr'><strong>quibus</strong></span> <span class='ocrx_word' id='word_1_123' title='bbox 1232 2328 1297 2365; x_wconf 86' lang='lat' dir='ltr'><strong>se</strong></span> <span class='ocrx_word' id='word_1_124' title='bbox 1326 2305 1907 2390; x_wconf 80' lang='lat' dir='ltr'><strong>‹licat·occupatum</strong></span> <span class='ocrx_word' id='word_1_125' title='bbox 1938 2306 2232 2389; x_wconf 77' lang='lat' dir='ltr'><strong>quasiire</strong></span> <span class='ocrx_word' id='word_1_126' title='bbox 2255 2330 2386 2373; x_wconf 87' lang='lat' dir='ltr'><strong>non</strong></span> 
     </span>
     <span class='ocr_line' id='line_1_19' title="bbox 350 2406 2387 2500; baseline 0 -24"><span class='ocrx_word' id='word_1_127' title='bbox 350 2410 564 2500; x_wconf 82' lang='lat' dir='ltr'><strong>possit.</strong></span> <span class='ocrx_word' id='word_1_128' title='bbox 603 2410 683 2473; x_wconf 86' lang='lat' dir='ltr'><strong>Et</strong></span> <span class='ocrx_word' id='word_1_129' title='bbox 712 2409 763 2471; x_wconf 86' lang='lat' dir='ltr'><strong>si</strong></span> <span class='ocrx_word' id='word_1_130' title='bbox 794 2408 856 2472; x_wconf 89' lang='lat' dir='ltr'><strong>in</strong></span> <span class='ocrx_word' id='word_1_131' title='bbox 884 2406 1302 2480; x_wconf 80' lang='lat' dir='ltr'><strong>monasterio,</strong></span> <span class='ocrx_word' id='word_1_132' title='bbox 1332 2410 1429 2470; x_wconf 75' lang='lat' dir='ltr'><strong>vel</strong></span> <span class='ocrx_word' id='word_1_133' title='bbox 1462 2406 1528 2469; x_wconf 88' lang='lat' dir='ltr'><strong>in</strong></span> <span class='ocrx_word' id='word_1_134' title='bbox 1561 2429 1741 2494; x_wconf 80' lang='lat' dir='ltr'>agro,</span> <span class='ocrx_word' id='word_1_135' title='bbox 1776 2420 1884 2472; x_wconf 83' lang='lat' dir='ltr'><strong>aut</strong></span> <span class='ocrx_word' id='word_1_136' title='bbox 1912 2408 1974 2470; x_wconf 90' lang='lat' dir='ltr'><strong>in</strong></span> <span class='ocrx_word' id='word_1_137' title='bbox 1999 2407 2246 2483; x_wconf 87' lang='lat' dir='ltr'><strong>itinere,</strong></span> <span class='ocrx_word' id='word_1_138' title='bbox 2277 2424 2387 2476; x_wconf 83' lang='lat' dir='ltr'><strong>aut</strong></span> 
     </span>
     <span class='ocr_line' id='line_1_20' title="bbox 353 2499 2386 2602; baseline -0.001 -22"><span class='ocrx_word' id='word_1_139' title='bbox 353 2518 415 2581; x_wconf 90' lang='lat' dir='ltr'><strong>in</strong></span> <span class='ocrx_word' id='word_1_140' title='bbox 456 2513 743 2602; x_wconf 87' lang='lat' dir='ltr'><strong>quolibet</strong></span> <span class='ocrx_word' id='word_1_141' title='bbox 785 2511 1136 2576; x_wconf 73' lang='lat' dir='ltr'><strong>ministerio</strong></span> <span class='ocrx_word' id='word_1_142' title='bbox 1174 2499 1399 2583; x_wconf 73' lang='lat' dir='ltr'><strong>suerit,&#39;</strong></span> <span class='ocrx_word' id='word_1_143' title='bbox 1440 2511 1662 2574; x_wconf 81' lang='lat' dir='ltr'><strong>orandi</strong></span> <span class='ocrx_word' id='word_1_144' title='bbox 1698 2523 1764 2575; x_wconf 90' lang='lat' dir='ltr'><strong>et</strong></span> <span class='ocrx_word' id='word_1_145' title='bbox 1787 2512 2098 2598; x_wconf 84' lang='lat' dir='ltr'><strong>psallendi</strong></span> <span class='ocrx_word' id='word_1_146' title='bbox 2123 2524 2386 2602; x_wconf 72' lang='lat' dir='ltr'><strong>‘tempus</strong></span> 
     </span>
     <span class='ocr_line' id='line_1_21' title="bbox 348 2617 962 2706; baseline -0.008 -22"><span class='ocrx_word' id='word_1_147' title='bbox 348 2643 474 2684; x_wconf 88' lang='lat' dir='ltr'><strong>non</strong></span> <span class='ocrx_word' id='word_1_148' title='bbox 508 2617 962 2706; x_wconf 81' lang='lat' dir='ltr'><strong>praetermittnt.</strong></span> 
     </span>
    </p>

    <p class='ocr_par' dir='ltr' id='par_1_8' title="bbox 336 2721 2385 3441">
     <span class='ocr_line' id='line_1_22' title="bbox 434 2721 2383 2811; baseline -0.001 -23"><span class='ocrx_word' id='word_1_149' title='bbox 434 2724 610 2789; x_wconf 83' lang='lat' dir='ltr'><strong>XIII.</strong></span> <span class='ocrx_word' id='word_1_150' title='bbox 667 2723 794 2802; x_wconf 87' lang='lat' dir='ltr'><strong>Qui</strong></span> <span class='ocrx_word' id='word_1_151' title='bbox 826 2721 1109 2785; x_wconf 78' lang='lat' dir='ltr'><strong>minister</strong></span> <span class='ocrx_word' id='word_1_152' title='bbox 1135 2735 1229 2786; x_wconf 85' lang='lat' dir='ltr'><strong>est</strong></span> <span class='ocrx_word' id='word_1_153' title='bbox 1250 2769 1265 2792; x_wconf 84' lang='grc'>,</span> <span class='ocrx_word' id='word_1_154' title='bbox 1295 2722 1525 2786; x_wconf 82' lang='lat' dir='ltr'><strong>habeat</strong></span> <span class='ocrx_word' id='word_1_155' title='bbox 1564 2722 1842 2787; x_wconf 85' lang='lat' dir='ltr'><strong>studium</strong></span> <span class='ocrx_word' id='word_1_156' title='bbox 1877 2745 1958 2786; x_wconf 88' lang='lat' dir='ltr'><strong>ne</strong></span> <span class='ocrx_word' id='word_1_157' title='bbox 1989 2723 2139 2808; x_wconf 86' lang='lat' dir='ltr'><strong>qnid</strong></span> <span class='ocrx_word' id='word_1_158' title='bbox 2171 2723 2383 2811; x_wconf 74' lang='lat' dir='ltr'><strong>operis</strong></span> 
     </span>
     <span class='ocr_line' id='line_1_23' title="bbox 347 2826 2383 2915; baseline -0 -22"><span class='ocrx_word' id='word_1_159' title='bbox 347 2842 563 2915; x_wconf 78' lang='lat' dir='ltr'><strong>pereat</strong></span> <span class='ocrx_word' id='word_1_160' title='bbox 603 2828 665 2892; x_wconf 91' lang='lat' dir='ltr'><strong>in</strong></span> <span class='ocrx_word' id='word_1_161' title='bbox 713 2827 1113 2891; x_wconf 77' lang='lat' dir='ltr'><strong>monasterio.</strong></span> <span class='ocrx_word' id='word_1_162' title='bbox 1168 2827 1239 2914; x_wconf 81' lang='lat' dir='ltr'><strong>ln</strong></span> <span class='ocrx_word' id='word_1_163' title='bbox 1282 2826 1728 2914; x_wconf 77' lang='lat' dir='ltr'><strong>qualicumque</strong></span> <span class='ocrx_word' id='word_1_164' title='bbox 1770 2826 2029 2891; x_wconf 90' lang='lat' dir='ltr'><strong>omnino</strong></span> <span class='ocrx_word' id='word_1_165' title='bbox 2075 2839 2209 2891; x_wconf 84' lang='lat' dir='ltr'><strong>arte</strong></span> <span class='ocrx_word' id='word_1_166' title='bbox 2238 2849 2383 2915; x_wconf 73' lang='lat' dir='ltr'><strong>quae</strong></span> 
     </span>
     <span class='ocr_line' id='line_1_24' title="bbox 342 2931 2380 3022; baseline -0 -24"><span class='ocrx_word' id='word_1_167' title='bbox 342 2946 673 2999; x_wconf 80' lang='lat' dir='ltr'><strong>excreetur</strong></span> <span class='ocrx_word' id='word_1_168' title='bbox 697 2956 731 2997; x_wconf 79' lang='lat' dir='ltr'>a</span> <span class='ocrx_word' id='word_1_169' title='bbox 764 2931 1081 3006; x_wconf 76' lang='lat' dir='ltr'><strong>fratribus,</strong></span> <span class='ocrx_word' id='word_1_170' title='bbox 1122 2932 1173 2996; x_wconf 76' lang='lat' dir='ltr'><strong>si</strong></span> <span class='ocrx_word' id='word_1_171' title='bbox 1204 2933 1358 3018; x_wconf 88' lang='lat' dir='ltr'><strong>quid</strong></span> <span class='ocrx_word' id='word_1_172' title='bbox 1381 2932 1669 3019; x_wconf 86' lang='lat' dir='ltr'><strong>perierit,</strong></span> <span class='ocrx_word' id='word_1_173' title='bbox 1703 2947 1767 2997; x_wconf 87' lang='lat' dir='ltr'><strong>et</strong></span> <span class='ocrx_word' id='word_1_174' title='bbox 1795 2953 1907 3021; x_wconf 85' lang='lat' dir='ltr'><strong>per</strong></span> <span class='ocrx_word' id='word_1_175' title='bbox 1935 2931 2380 3022; x_wconf 77' lang='lat' dir='ltr'><strong>negligentiam</strong></span> 
     </span>
     <span class='ocr_line' id='line_1_25' title="bbox 343 3032 2385 3126; baseline 0 -24"><span class='ocrx_word' id='word_1_176' title='bbox 343 3038 529 3102; x_wconf 80' lang='lat' dir='ltr'><strong>suerit</strong></span> <span class='ocrx_word' id='word_1_177' title='bbox 554 3038 925 3125; x_wconf 78' lang='lat' dir='ltr'><strong>dissipatum</strong></span> <span class='ocrx_word' id='word_1_178' title='bbox 948 3086 967 3110; x_wconf 90' lang='lat'><strong><em>,</em></strong></span> <span class='ocrx_word' id='word_1_179' title='bbox 1003 3037 1371 3125; x_wconf 84' lang='lat' dir='ltr'><strong>increpetur</strong></span> <span class='ocrx_word' id='word_1_180' title='bbox 1399 3061 1431 3100; x_wconf 82' lang='lat' dir='ltr'><strong>a</strong></span> <span class='ocrx_word' id='word_1_181' title='bbox 1455 3051 1635 3125; x_wconf 85' lang='lat' dir='ltr'><strong>patre</strong></span> <span class='ocrx_word' id='word_1_182' title='bbox 1659 3032 1948 3103; x_wconf 70' lang='lat' dir='ltr'><strong>minister</strong></span> <span class='ocrx_word' id='word_1_183' title='bbox 1971 3060 2237 3126; x_wconf 88' lang='lat' dir='ltr'><strong>operum</strong></span> <span class='ocrx_word' id='word_1_184' title='bbox 2267 3061 2283 3102; x_wconf 75' lang='grc' dir='ltr'><strong><em>ε</em></strong></span> <span class='ocrx_word' id='word_1_185' title='bbox 2312 3049 2385 3103; x_wconf 80' lang='lat' dir='ltr'><strong>et</strong></span> 
     </span>
     <span class='ocr_line' id='line_1_26' title="bbox 340 3141 2380 3231; baseline 0.001 -27"><span class='ocrx_word' id='word_1_186' title='bbox 340 3141 471 3229; x_wconf 77' lang='lat' dir='ltr'><strong>ipse</strong></span> <span class='ocrx_word' id='word_1_187' title='bbox 496 3143 722 3207; x_wconf 72' lang='lat' dir='ltr'><strong>iteruin</strong></span> <span class='ocrx_word' id='word_1_188' title='bbox 749 3142 1037 3228; x_wconf 79' lang='lat' dir='ltr'><strong>increpet</strong></span> <span class='ocrx_word' id='word_1_189' title='bbox 1062 3142 1286 3215; x_wconf 83' lang='lat' dir='ltr'><strong>alium,</strong></span> <span class='ocrx_word' id='word_1_190' title='bbox 1324 3141 1431 3228; x_wconf 88' lang='lat' dir='ltr'><strong>qui</strong></span> <span class='ocrx_word' id='word_1_191' title='bbox 1461 3167 1622 3230; x_wconf 78' lang='lat' dir='ltr'><strong>opus</strong></span> <span class='ocrx_word' id='word_1_192' title='bbox 1656 3143 2035 3231; x_wconf 85' lang='lat' dir='ltr'><strong>perdiderit;</strong></span> <span class='ocrx_word' id='word_1_193' title='bbox 2073 3145 2380 3208; x_wconf 80' lang='lat' dir='ltr'><strong>duntaxat</strong></span> 
     </span>
     <span class='ocr_line' id='line_1_27' title="bbox 341 3239 2378 3335; baseline -0.001 -25"><span class='ocrx_word' id='word_1_194' title='bbox 341 3245 510 3328; x_wconf 70' lang='lat' dir='ltr'><strong>juxta</strong></span> <span class='ocrx_word' id='word_1_195' title='bbox 551 3239 933 3311; x_wconf 79' lang='lat' dir='ltr'><strong>voluntatem</strong></span> <span class='ocrx_word' id='word_1_196' title='bbox 976 3260 1041 3310; x_wconf 84' lang='lat' dir='ltr'><strong>et</strong></span> <span class='ocrx_word' id='word_1_197' title='bbox 1088 3247 1547 3334; x_wconf 64' lang='lat' dir='ltr'><strong>praescientiam</strong></span> <span class='ocrx_word' id='word_1_198' title='bbox 1595 3249 1934 3335; x_wconf 83' lang='lat' dir='ltr'><strong>principis,</strong></span> <span class='ocrx_word' id='word_1_199' title='bbox 1973 3247 2212 3331; x_wconf 79' lang='lat' dir='ltr'><strong>absque</strong></span> <span class='ocrx_word' id='word_1_200' title='bbox 2246 3267 2378 3329; x_wconf 90' lang='lat' dir='ltr'><strong>quo</strong></span> 
     </span>
     <span class='ocr_line' id='line_1_28' title="bbox 336 3352 1974 3441; baseline -0.002 -24"><span class='ocrx_word' id='word_1_201' title='bbox 336 3355 543 3418; x_wconf 79' lang='lat' dir='ltr'><strong>nullus</strong></span> <span class='ocrx_word' id='word_1_202' title='bbox 583 3352 951 3438; x_wconf 67' lang='lat' dir='ltr'><strong>increpandi</strong></span> <span class='ocrx_word' id='word_1_203' title='bbox 997 3353 1252 3416; x_wconf 77' lang='lat' dir='ltr'><strong>fratrem</strong></span> <span class='ocrx_word' id='word_1_204' title='bbox 1284 3353 1548 3420; x_wconf 76' lang='lat' dir='ltr'><strong>habebit</strong></span> <span class='ocrx_word' id='word_1_205' title='bbox 1579 3366 1974 3441; x_wconf 80' lang='lat' dir='ltr'><strong>potestatem.</strong></span> 
     </span>
    </p>

    <p class='ocr_par' dir='ltr' id='par_1_9' title="bbox 335 3454 2382 3748">
     <span class='ocr_line' id='line_1_29' title="bbox 423 3454 2382 3540; baseline -0.004 -16"><span class='ocrx_word' id='word_1_206' title='bbox 423 3455 593 3524; x_wconf 75' lang='lat' dir='ltr'><strong>XIV.</strong></span> <span class='ocrx_word' id='word_1_207' title='bbox 628 3454 692 3520; x_wconf 91' lang='lat' dir='ltr'><strong>Si</strong></span> <span class='ocrx_word' id='word_1_208' title='bbox 726 3455 1014 3516; x_wconf 78' lang='lat' dir='ltr'><strong>inventus</strong></span> <span class='ocrx_word' id='word_1_209' title='bbox 1041 3454 1232 3517; x_wconf 80' lang='lat' dir='ltr'><strong>suerit</strong></span> <span class='ocrx_word' id='word_1_210' title='bbox 1255 3477 1418 3516; x_wconf 73' lang='lat' dir='ltr'><strong>umus</strong></span> <span class='ocrx_word' id='word_1_211' title='bbox 1440 3478 1477 3516; x_wconf 90' lang='lat' dir='ltr'><strong>e</strong></span> <span class='ocrx_word' id='word_1_212' title='bbox 1512 3456 1807 3521; x_wconf 76' lang='lat' dir='ltr'><strong>fratribus</strong></span> <span class='ocrx_word' id='word_1_213' title='bbox 1832 3454 2068 3540; x_wconf 79' lang='lat' dir='ltr'><strong>aliquid</strong></span> <span class='ocrx_word' id='word_1_214' title='bbox 2091 3475 2203 3539; x_wconf 80' lang='lat' dir='ltr'><strong>per</strong></span> <span class='ocrx_word' id='word_1_215' title='bbox 2224 3473 2382 3517; x_wconf 90' lang='lat' dir='ltr'><strong>con-</strong></span> 
     </span>
     <span class='ocr_line' id='line_1_30' title="bbox 335 3555 2372 3647; baseline -0.008 -21"><span class='ocrx_word' id='word_1_216' title='bbox 335 3563 684 3626; x_wconf 71' lang='lat' dir='ltr'><strong>tentionem</strong></span> <span class='ocrx_word' id='word_1_217' title='bbox 717 3578 907 3643; x_wconf 77' lang='lat' dir='ltr'><strong>agens</strong></span> <span class='ocrx_word' id='word_1_218' title='bbox 935 3601 951 3626; x_wconf 92' lang='lat'><em>‚</em></span> <span class='ocrx_word' id='word_1_219' title='bbox 1000 3556 1096 3617; x_wconf 89' lang='lat' dir='ltr'><strong>vel</strong></span> <span class='ocrx_word' id='word_1_220' title='bbox 1143 3555 1585 3619; x_wconf 80' lang='lat' dir='ltr'><strong>contradicens</strong></span> <span class='ocrx_word' id='word_1_221' title='bbox 1623 3561 1890 3644; x_wconf 78' lang='lat' dir='ltr'><strong>&#39;majoris</strong></span> <span class='ocrx_word' id='word_1_222' title='bbox 1930 3559 2228 3647; x_wconf 83' lang='lat' dir='ltr'><strong>imperio,</strong></span> <span class='ocrx_word' id='word_1_223' title='bbox 2269 3559 2372 3623; x_wconf 76' lang='lat' dir='ltr'><strong>in..</strong></span> 
     </span>
     <span class='ocr_line' id='line_1_31' title="bbox 335 3659 1770 3748; baseline -0.006 -21"><span class='ocrx_word' id='word_1_224' title='bbox 335 3663 699 3748; x_wconf 78' lang='lat' dir='ltr'><strong>crepabitur</strong></span> <span class='ocrx_word' id='word_1_225' title='bbox 729 3659 900 3744; x_wconf 80' lang='lat' dir='ltr'><strong>juxta</strong></span> <span class='ocrx_word' id='word_1_226' title='bbox 942 3679 1305 3722; x_wconf 78' lang='lat' dir='ltr'><strong>mensuram</strong></span> <span class='ocrx_word' id='word_1_227' title='bbox 1338 3659 1580 3744; x_wconf 86' lang='lat' dir='ltr'><strong>peccati</strong></span> <span class='ocrx_word' id='word_1_228' title='bbox 1624 3662 1770 3725; x_wconf 22' lang='lat' dir='ltr'><strong>sui..</strong></span> 
     </span>
    </p>

    <p class='ocr_par' dir='ltr' id='par_1_10' title="bbox 328 3762 2390 4069">
     <span class='ocr_line' id='line_1_32' title="bbox 418 3762 2370 3852; baseline 0.003 -21"><span class='ocrx_word' id='word_1_229' title='bbox 418 3764 556 3830; x_wconf 78' lang='lat' dir='ltr'><strong>XV.</strong></span> <span class='ocrx_word' id='word_1_230' title='bbox 613 3763 740 3843; x_wconf 83' lang='lat' dir='ltr'><strong>Qui</strong></span> <span class='ocrx_word' id='word_1_231' title='bbox 775 3762 1115 3836; x_wconf 77' lang='lat' dir='ltr'><strong>mentitur,</strong></span> <span class='ocrx_word' id='word_1_232' title='bbox 1158 3776 1265 3827; x_wconf 84' lang='lat' dir='ltr'><strong>aut</strong></span> <span class='ocrx_word' id='word_1_233' title='bbox 1305 3763 1450 3828; x_wconf 88' lang='lat' dir='ltr'><strong>odio</strong></span> <span class='ocrx_word' id='word_1_234' title='bbox 1489 3787 1873 3852; x_wconf 82' lang='lat' dir='ltr'><strong>quemquam</strong></span> <span class='ocrx_word' id='word_1_235' title='bbox 1920 3768 2152 3834; x_wconf 81' lang='lat' dir='ltr'><strong>habere</strong></span> <span class='ocrx_word' id='word_1_236' title='bbox 2180 3769 2370 3836; x_wconf 84' lang='lat' dir='ltr'><strong>fuerit</strong></span> 
     </span>
     <span class='ocr_line' id='line_1_33' title="bbox 331 3867 2388 3959; baseline 0.002 -22"><span class='ocrx_word' id='word_1_237' title='bbox 331 3869 761 3959; x_wconf 75' lang='lat' dir='ltr'><strong>deprehensus</strong></span> <span class='ocrx_word' id='word_1_238' title='bbox 783 3916 798 3936; x_wconf 85' lang='grc'>,</span> <span class='ocrx_word' id='word_1_239' title='bbox 840 3881 948 3931; x_wconf 83' lang='lat' dir='ltr'><strong>ant</strong></span> <span class='ocrx_word' id='word_1_240' title='bbox 980 3867 1383 3942; x_wconf 78' lang='lat' dir='ltr'><strong>inobediens,</strong></span> <span class='ocrx_word' id='word_1_241' title='bbox 1426 3881 1535 3933; x_wconf 82' lang='lat' dir='ltr'><strong>aut</strong></span> <span class='ocrx_word' id='word_1_242' title='bbox 1564 3873 1706 3958; x_wconf 84' lang='lat' dir='ltr'><strong>plus</strong></span> <span class='ocrx_word' id='word_1_243' title='bbox 1736 3870 1882 3957; x_wconf 81' lang='lat' dir='ltr'>joco</span> <span class='ocrx_word' id='word_1_244' title='bbox 1920 3895 2107 3959; x_wconf 77' lang='lat' dir='ltr'><strong>quum</strong></span> <span class='ocrx_word' id='word_1_245' title='bbox 2132 3875 2388 3950; x_wconf 70' lang='lat' dir='ltr'><strong>hones-,</strong></span> 
     </span>
     <span class='ocr_line' id='line_1_34' title="bbox 328 3972 2390 4069; baseline 0 -26"><span class='ocrx_word' id='word_1_246' title='bbox 328 3990 467 4043; x_wconf 83' lang='lat' dir='ltr'><strong>tum</strong></span> <span class='ocrx_word' id='word_1_247' title='bbox 511 3989 610 4040; x_wconf 73' lang='lat' dir='ltr'><strong>est</strong></span> <span class='ocrx_word' id='word_1_248' title='bbox 650 3974 898 4040; x_wconf 75' lang='lat' dir='ltr'><strong>deditus</strong></span> <span class='ocrx_word' id='word_1_249' title='bbox 919 4021 936 4046; x_wconf 89' lang='lat'><strong>,</strong></span> <span class='ocrx_word' id='word_1_250' title='bbox 989 3985 1101 4037; x_wconf 80' lang='lat' dir='ltr'><strong>aut</strong></span> <span class='ocrx_word' id='word_1_251' title='bbox 1136 3972 1409 4047; x_wconf 65' lang='lat' dir='ltr'><strong>otiosus,</strong></span> <span class='ocrx_word' id='word_1_252' title='bbox 1438 3987 1571 4039; x_wconf 46' lang='lat' dir='ltr'><strong>*aut</strong></span> <span class='ocrx_word' id='word_1_253' title='bbox 1607 3977 1767 4040; x_wconf 84' lang='lat' dir='ltr'><strong>dure</strong></span> <span class='ocrx_word' id='word_1_254' title='bbox 1798 3980 2181 4067; x_wconf 81' lang='lat' dir='ltr'><strong>respondens</strong></span> <span class='ocrx_word' id='word_1_255' title='bbox 2203 4029 2221 4056; x_wconf 85' lang='lat'>‚</span> <span class='ocrx_word' id='word_1_256' title='bbox 2255 3992 2390 4069; x_wconf 55' lang='lat' dir='ltr'><strong>nup</strong></span> 
     </span>
    </p>
   </div>
   <div class='ocr_carea' id='block_1_3' title="bbox 2517 4513 2842 4798">
    <p class='ocr_par' dir='ltr' id='par_1_11' title="bbox 2517 4513 2842 4798">
     <span class='ocr_line' id='line_1_35' title="bbox 2517 4513 2842 4798; baseline 0 -168"><span class='ocrx_word' id='word_1_257' title='bbox 2517 4513 2842 4798; x_wconf 52' lang='lat' dir='ltr'><strong><em>f</em></strong></span> 
     </span>
    </p>
   </div>
  </div>
 </body>
</html>
