2982 4885
521 431 646 517 ¹93
1191 467 1239 508 s.
1294 463 1560 529 κιειῃιι
1609 463 1874 531 zerra-u

1350 674 1750 743 nzsronsto.

613 871 731 945 Ea,
762 892 900 957 qnae
931 869 1153 960 teipso
1193 883 1454 938 auctore
1485 873 1649 963 agis,
1684 874 1949 941 honesta
1982 873 2242 964 quidem
2279 887 2426 940 sunt
2452 925 2469 961 2
2503 884 2569 961 et

530 977 664 1045 Deo
698 988 912 1064 grata,
948 979 1058 1043 sed
1087 1000 1214 1043 non
1241 1000 1399 1073 pura
1429 1002 1444 1043 ι
1471 981 1671 1067 velut.
1700 979 1905 1073 diligis
1942 980 2179 1057 Deum,
2213 1004 2433 1047 verum
2458 968 2572 1064 mi·

528 1104 650 1146 nus
684 1083 1001 1170 persecte3
1033 1083 1204 1148 venit
1231 1083 1576 1163 Dominus,
1619 1088 1870 1153 confert
1903 1084 2356 1152 dilectionem
2341 1107 2574 1151 immu-

532 1188 829 1260 tabilem,
871 1190 1194 1253 coelestcm
1223 1189 1815 1258 scilicet.1‘rccaris
1862 1193 2260 1266 naturaliter,
2299 1212 2579 1279 occupa-

534 1293 812 1357 tionibus
856 1315 926 1358 ac
963 1295 1150 1360 variis
1199 1297 1690 1385 cogitationibus
1735 1298 2120 1371 distractus3
2169 1294 2415 1361 confert
2462 1284 2582 1377 tibi

535 1382 847 1464 Dominus
893 1398 1330 1489 precationem
1378 1404 1602 1492 puram
1660 1403 1721 1468 iu
1773 1402 2013 1492 Spiritu
2058 1414 2121 1469 ct
2172 1400 2453 1465 veritate.
2506 1397 2581 1489 Ιιι

538 1506 756 1583 rebus,
793 1529 930 1594 qnae
957 1509 1158 1573 oculis
1181 1508 1538 1597 subjacent,
1575 1523 1738 1574 terra
1766 1519 1836 1573 ut
1867 1508 2210 1600 plurimum
2244 1530 2323 1571 ex
2353 1528 2420 1569 se
2450 1503 2585 1597 ipsa

539 1606 784 1699 profert
815 1614 1065 1702 spinas3
1103 1617 1369 1680 colonus
1394 1628 1608 1680 autem
1641 1614 1835 1689 fodit,
1869 1625 2122 1681 exercet
2147 1610 2480 1701 diligenter
2512 1629 2586 1697 ac

545 1718 850 1792 Seminat3
880 1721 1075 1807 spinae
1110 1730 1320 1784 tamen
1346 1723 1446 1783 vel
1469 1742 1599 1783 non
1632 1730 1779 1782 satoe
1809 1719 2237 1806 propullulant
2272 1728 2335 1779 ct
2369 1711 2589 1797 multi-

543 1824 900 1909 plicantur,
944 1825 1322 1907 (postquam
1369 1822 1543 1893 enim
1585 1828 2009 1905 transgressus
2048 1831 2170 1901 est,
2211 1819 2453 1887 dictum
2492 1831 2593 1883 est

543 1925 838 1992 'Adamot
879 1921 1225 1987 ‹Tribulos
1259 1936 1324 1987 et
1362 1922 1573 2009 spinas
1600 1924 1908 2009 producet
1941 1912 2053 1986 tibi
2096 1918 2318 1989 terra¹.
2354 1924 2416 2007 ιι)
2460 1920 2594 1985 De-

545 2034 680 2094 'nno
712 2020 972 2092 colonus
1005 2026 1260 2092 exercet
1281 2030 1515 2091 terram
1539 2076 1558 2101 ‚
1585 2025 1807 2091 effodit
1829 2025 2037 2119 spinas
2057 2076 2073 2100 ‚
2106 2050 2245 2116 quae
2280 2020 2598 2109 nihilomi-

542 2134 676 2197 ‘nus
714 2129 920 2215 adbuc
959 2130 1487 2221 multiplicantur.
1528 2130 1766 2223 Accipe
1801 2133 1923 2201 hoc
1964 2131 2395 2219 spiritualiter.
2434 2128 2598 2215 Nam

545 2232 694 2326 ‘post
722 2238 1284 2326 transgressionem
1311 2251 1478 2304 terra
1504 2238 1715 2311 cordis
1746 2235 2042 2325 'producit
2070 2236 2279 2324 spinas
2311 2244 2375 2298 et
2404 2232 2600 2298 tribu-

551 2338 697 2405 los:
733 2340 962 2408 excolit
1007 2343 1242 2418 home,
1295 2344 1609 2425 elaborat,
1650 2341 1862 2407 adhuc
1894 2353 2107 2407 tamen
2139 2339 2334 2428 spine
2373 2361 2601 2428 pravo·-

549 2442 704 2512 ‘rum
754 2449 1091 2537 spirituum
1129 2461 1536 2514 enascuntur.
1586 2432 1834 2513 Deinde
1884 2460 2138 2513 sanctus
2187 2446 2289 2510 illc
2333 2436 2602 2534 Spiritus

543 2539 881 2644 suppetias
904 2555 1026 2620 fert
1061 2553 1479 2630 imbecillitati
1520 2549 1779 2618 human
1770 2576 1849 2627 ·,c
1888 2565 1953 2618 et
1980 2549 2293 2618 Dominus
2318 2549 2510 2616 mittit
2540 2545 2604 2614 in

549 2653 801 2722 'terram
827 2659 1035 2724 cordis
1061 2661 1276 2722 semen
1311 2659 1569 2722 coeleste
1594 2705 1611 2730 ,
1638 2669 1827 2744 atque
1855 2656 2090 2723 excolit
2117 2679 2257 2722 eam
2293 2657 2320 2720 τ’
2346 2677 2471 2742 quo
2508 2663 2608 2719 εὰν

545 2759 738 2827 'mine
775 2760 985 2847 jacto,
1033 2762 1245 2834 adhuc
1285 2760 1505 2825 tribuli
1530 2759 1594 2824 et
1617 2761 1812 2849 spinae
1844 2761 2179 2852 pullulant.
2218 2749 2446 2826 Denuo
2481 2753 2611 2848 ipse
2732 2845 2737 2846 ἶ

549 2863 879 2960 Dominus
906 2889 977 2950 ac
1008 2865 1201 2946 homo
1228 2876 1527 2930 exercent
1558 2875 1795 2934 terram
1820 2867 1986 2932 anim
1990 2892 2073 2942 ’,ιι
2106 2877 2171 2932 et
2193 2851 2429 2956 septem
2464 2860 2615 2929 mali

543 2975 826 3063 spiritus
875 2993 947 3038 ac
992 2973 1183 3072 spinae
1219 2975 1593 3040 exoriuntur
1630 2971 1794 3048 illic,
1848 2986 1911 3039 et
1948 2975 2370 3066 repullulant,
2409 2970 2614 3036 donec

547 3061 864 3142 'adl’eniat
890 3090 1111 3156 aestas,
1146 3090 1211 3144 et
1239 3079 1524 3144 abundet
1555 3079 1788 3167 gratia,
1821 3103 1895 3146 ac
1929 3079 2328 3146 desiccentur
2361 3075 2437 3143 ab
2463 3085 2619 3144 aestu

573 3182 721 3247 solis
746 3183 939 3271 spinae
971 3197 1190 3249 enatae.

665 3288 877 3355 XXII.
930 3289 1063 3355 Etsi
1107 3287 1277 3354 enim
1308 3287 1589 3386 nequitia
1635 3288 1911 3355 adhaeret
1946 3302 2228 3366 naturae,
2274 3289 2363 3354 sic
2413 3301 2624 3353 tamen

576 3395 940 3461 dominatur
987 3395 1083 3470 ei,
1132 3417 1269 3481 quae
1316 3382 1511 3459 habet
1559 3407 1830 3481 pastum.
1877 3396 2154 3462 Teucras
2189 3395 2360 3460 enim
2392 3393 2623 3459 hethas

571 3499 887 3572 frumenti
920 3511 1130 3592 potest
1180 3501 1402 3566 lolium
1454 3498 1805 3574 suffocare·
1856 3501 2193 3612 ingruente
2232 3521 2378 3582 werp
2404 3506 2629 3566 astate

547 3593 686 3669 ubi
721 3601 962 3670 fructus
993 3605 1294 3672 exsiccati
1333 3605 1614 3683 suerint,
1663 3606 1822 3672 nihil
1866 3607 2037 3673 laedit
2062 3603 2299 3693 lolium
2319 3597 2631 3692 frumen-

543 3711 1014 3800 ‘t'nm.1taque
1063 3710 1113 3776 si
1160 3713 1475 3787 evenerit,
1509 3707 1581 3802 u't
1633 3712 1755 3776 sint
1791 3710 2042 3808 triginta
2086 3710 2283 3798 modii
2324 3702 2633 3827 frumenti

574 3801 748 3904 puri,
784 3816 888 3880 vix
925 3814 1053 3883 ime
1093 3816 1435 3907 permixtio
1476 3793 1645 3894 lolii,
1679 3819 1857 3883 velut
1880 3815 2160 3904 aliquota
2193 3789 2447 3882 sextarii
2483 3830 2631 3900 pars

654 3953 831 4004 ⁸.Gen
858 3969 937 4014 ιιι,
967 3954 1047 4006 ι8.
