2982 4885
1144 556 1399 604 nonius
1450 560 1530 603 ix.
2270 529 2356 627 73

312 682 315 687 ’
406 670 544 741 vll.
598 676 745 741 flaec
801 688 1170 763 argumenta
1223 700 1301 743 ex
1352 676 1692 766 Scripturis
1745 675 2070 741 attulimus
2111 677 2190 740 ad
2242 677 2357 741 de-

318 778 824 851 monstrandum,
863 779 1034 866 quod
1059 780 1253 846 virtus
1283 805 1372 871 gr:
1396 782 1499 847 tiae
1533 782 1756 846 divium
1782 781 1942 845 inest
1973 779 2214 845 homini
2239 805 2256 853 3
2290 792 2356 845 et

281 893 285 898 '
319 884 557 949 donum
592 883 858 973 Spiritus
889 886 1089 951 sancti
1115 936 1131 961 ,
1165 890 1338 974 quod
1370 886 1574 951 [idelis
1607 887 1812 951 anima
1844 882 2143 971 consequi
2169 884 2358 973 digna

318 1003 651 1065 censetur,
686 1014 909 1079 magna
948 1013 1095 1057 cum
1121 993 1528 1059 contentione
1550 1042 1568 1068 ‚
1604 993 1932 1059 tolerantia
1969 995 2162 1056 multa
2189 1039 2206 1067 ,
2241 1014 2358 1080 pa-

314 1092 555 1171 tientia,
585 1097 1037 1162 tentationibus
1069 1121 1140 1162 ac
1166 1098 1651 1187 probationibus
1685 1111 2118 1188 comparatur,
2155 1097 2352 1162 libera

312 1199 453 1286 ejus
469 1204 815 1276 voluntate,
836 1203 1130 1268 omnibus
1152 1202 1598 1268 afflictionibus
1615 1204 1900 1292 probata.
1927 1203 2007 1269 Et
2024 1203 2074 1268 si
2099 1200 2351 1290 quando

311 1328 383 1371 ea
420 1306 480 1371 in
523 1310 690 1373 nulla
727 1333 795 1376 re
826 1309 1130 1399 Spiritum
1170 1311 1541 1383 contristet,
1574 1310 1685 1373 sed
1717 1308 1928 1396 gratioe
1960 1309 2026 1373 in
2057 1308 2353 1373 omnibus

311 1414 643 1500 praeccptis
681 1426 1023 1487 consonet,
1061 1428 1215 1480 tuuc
1244 1413 1689 1481 liberationem
1724 1414 1802 1479 ab
1828 1414 2124 1478 omnibus
2157 1411 2352 1477 ass'cc-

310 1512 593 1578 tionibus
617 1517 918 1602 consequi
952 1517 1137 1604 digna
1164 1530 1518 1603 reputatur,
1545 1520 1922 1604 plenamque
1937 1510 2350 1602 'adoptionem

312 1615 613 1705 Spiritus,
651 1621 729 1682 de
760 1641 884 1705 qua
920 1619 983 1682 in
1015 1620 1326 1705 mysterio
1351 1616 1608 1695 dicitur,
1637 1618 1890 1705 accipit,
1918 1630 1982 1682 et
2004 1617 2356 1706 spirituales

313 1720 562 1786 divitias
604 1745 674 1788 ac
730 1723 1143 1810 sapientiam,
1198 1746 1336 1810 quae
1374 1745 1505 1788 non
1553 1736 1647 1789 ost
1698 1723 1889 1810 hujus
1937 1723 2194 1797 mundi,
2243 1721 2355 1787 sed

309 1826 518 1913 cujus,
547 1827 654 1915 qui
687 1849 833 1893 vere
862 1827 1204 1893 ‘Christiani
1239 1840 1407 1902 sunt,
1430 1827 1767 1916 participes
1803 1826 1986 1891 fiunt·
2030 1825 2348 1904 Quocirca

308 1932 371 2001 hi
417 1932 496 1998 ab
546 1933 947 2009 hominihus,
983 1934 1091 2020 qui
1128 1932 1317 2020 hujus
1352 1932 1575 1998 mundi
1621 1932 1912 2022 spiritum
1959 1929 2236 2005 hahent,
2274 1952 2350 1996 ac

307 2039 677 2128 prudentia,
713 2039 1037 2107 intellectu
1062 2050 1126 2105 et
1156 2038 1461 2130 sapientia
1497 2038 1740 2128 praediti
1769 2050 1949 2112 sunt,
1987 2060 2105 2127 per
2135 2036 2349 2102 omnia

308 2143 625 2212 differunt.
698 2212 701 2217 ⁴

390 2250 526 2316 Vll.
581 2251 904 2338 Siquidem
928 2302 945 2328 ‚
991 2251 1098 2340 qui
1138 2251 1506 2337 hujusmodi
1542 2264 1637 2316 est
1661 2300 1676 2325 ,
1717 2278 1741 2309 κ
1773 2249 2013 2316 Omnes
2059 2248 2347 2314 homines

308 2379 333 2413 »
354 2351 731 2440 dijudicat¹,
757 2382 781 2411 ι
825 2368 896 2418 ut
920 2356 1224 2441 scriptum
1255 2367 1391 2418 est:
1423 2355 1602 2418 novit
1637 2357 1807 2419 unde
1826 2356 2091 2442 quisque
2122 2356 2347 2440 loqua-

307 2469 414 2522 tur
435 2506 453 2532 ‚
489 2470 553 2522 et
591 2457 705 2521 ubi
741 2458 1075 2530 consistat,
1104 2469 1167 2521 et
1197 2457 1261 2520 in
1290 2458 1523 2543 quibus
1558 2458 1855 2542 gradibus
1879 2460 2299 2524 constituatur
2326 2481 2341 2521 t

309 2564 520 2652 ipsum
553 2561 702 2627 vero
728 2564 937 2627 nullus
969 2561 1333 2636 hominum,
1370 2560 1743 2626 habentium
1773 2559 2063 2648 spiritum
2085 2562 2304 2626 mundi
2325 2609 2344 2636 ,

308 2691 695 2758 cognoscere
726 2681 791 2733 et
816 2667 1167 2755 dijudicare
1198 2678 1443 2755 potest,
1479 2664 1594 2731 nisi
1630 2666 1798 2730 solus
1825 2663 1910 2741 is,
1946 2664 2054 2753 qui
2077 2661 2346 2732 similem

306 2775 626 2839 coelestcm
663 2771 1016 2836 Divinitatis
1047 2771 1353 2860 Spiritum
1392 2769 1624 2846 habet,
1674 2769 1998 2859 cognoscit
2028 2770 2340 2835 similem:

303 2890 376 2944 ut
405 2877 607 2966 inquit
638 2879 1012 2966 Apostolus:
1061 2904 1084 2935 ι
1110 2875 1555 2965 spiritualibus
1588 2889 2031 2966 comparantes
2057 2876 2343 2965 spiritua-

304 2983 447 3052 »lia.
486 2983 790 3050 Animalis
824 2995 1036 3048 autem
1069 2982 1262 3048 homo
1303 3006 1429 3047 non
1458 2983 1688 3070 accipit
1712 3007 1782 3048 ea
1804 3033 1821 3059 ,
1859 3007 2000 3071 quae
2030 2994 2177 3048 suut
2199 2984 2346 3073 Spi-

304 3117 329 3151 »
348 3090 504 3155 ritus
519 3090 657 3164 Dei,
674 3089 984 3177 siquidem
1005 3088 1263 3152 stultitia
1284 3087 1369 3152 illi
1391 3100 1561 3162 sunt,
1583 3109 1702 3152 nec
1715 3100 2333 3177 potestcognoscere.

304 3196 430 3262 »At
449 3189 787 3284 spiritualis
815 3194 1124 3281 dijudicat
1153 3192 1410 3281 quidem
1436 3193 1685 3258 omnia:
1710 3193 1846 3282 ipse
1872 3215 2021 3258 vero
2039 3216 2072 3258 a
2089 3195 2343 3261 nemine

304 3331 328 3363 ι
348 3301 734 3389 dijudicatur
758 3301 804 3367 ².
843 3330 868 3362 ι
913 3301 1243 3388 Ejusmodi
1278 3300 1385 3390 qui
1411 3312 1532 3375 est,
1562 3323 1783 3365 omnes
1813 3300 2037 3365 mundi
2069 3324 2166 3364 res
2196 3326 2345 3389 pre·-

303 3410 512 3485 tiosas,
543 3409 811 3483 divitias,
845 3410 1091 3484 luxum,
1128 3431 1198 3472 ac
1233 3431 1488 3473 omnem
1516 3410 1934 3497 voluptatem,
1968 3405 2164 3494 ipsam
2193 3429 2343 3493 quo-

300 3539 424 3603 que
456 3514 883 3605 cognitionem
912 3562 929 3588 ,
972 3501 1038 3578 et
1075 3512 1287 3577 omnia
1322 3535 1459 3599 qnae
1501 3526 1647 3578 suut
1682 3511 1873 3598 hujus
1914 3510 2151 3584 saeculi‚
2196 3535 2343 3577 exe-

304 3622 537 3683 cranda
570 3618 746 3686 ducit
779 3631 840 3693 et
873 3617 1018 3682 odio
1052 3615 1259 3705 digna.
1953 3629 1964 3636 '

392 3719 508 3785 IX.
561 3723 1118 3802 Quemadmodum
1162 3721 1334 3787 enim
1380 3719 1487 3809 qui
1553 3721 1797 3787 ardenti
1850 3721 2012 3788 febri
2064 3721 2346 3803 laborat,

302 3845 771 3916 quemcumque
822 3828 880 3894 ei
926 3826 1154 3895 offeras
1196 3826 1417 3892 cibum
1471 3837 1581 3891 aut
1635 3839 1892 3915 potum,
1944 3827 2008 3893 id
2055 3826 2341 3916 quamvis

298 3927 768 4003 suavissimum,
806 3933 1207 3999 abominatur
1231 3954 1303 3997 ac
1329 3930 1565 4005 renuit,
1595 3952 1671 3996 eo
1703 3934 1872 4018 quod
1908 3932 2065 3999 febri
2099 3931 2339 4000 inflam-

371 4080 384 4104 ¹
422 4083 434 4116 ι
462 4066 578 4115 Cor.
602 4081 656 4120 n.
690 4064 767 4116 15.
802 4090 859 4104 -··
889 4065 1064 4117 ⁸1bid.
1094 4068 1169 4129 ιᾰ,
1199 4070 1269 4117 15.
