2982 4885
494 393 626 501 ἰι4
1167 420 1217 463 s.
1271 418 1536 466 mcum
1582 419 1852 467 amn-ru

485 537 708 629 ibique
741 535 1070 619 thesaurus
1107 534 1247 624 ejus
1278 548 1395 601 est.
1434 494 1755 628 Scriptum
1797 540 1966 606 enim
1995 552 2135 642 est}
2174 566 2200 602 α
2223 538 2345 623 Ubi
2377 540 2525 643 the-

488 654 786 718 maurus,
829 639 919 705 ibi
949 638 1142 704 etiam
1169 639 1318 706 cor‘
1329 668 1404 707 ,ι

576 742 758 814 XIX.
810 740 1148 832 Reliquum
1201 757 1334 821 est,
1385 759 1532 812 tuus
1576 746 1820 813 animus
1866 749 2037 839 quali
2086 746 2383 815 thesauro
2446 751 2527 816 sit

488 832 800 926 intentus,
839 871 919 914 au
950 859 1121 921 totus
1150 832 1337 949 plane
1365 850 1500 916 Deo
1524 874 1643 917 nec
1670 854 1787 917 ne?
1820 852 1915 917 sin
1938 853 2150 941 minus
2178 868 2313 931 est,
2339 878 2528 946 expo·

485 955 652 1023 natis
681 942 876 1041 milii,
914 954 1070 1042 quid
1099 950 1443 1053 impediat?
1469 937 1763 1023 Profecto
1804 933 2068 1024 Satanas
2108 971 2172 1024 et
2208 961 2526 1025 daemones

486 1070 637 1126 sunt
660 1059 914 1157 spiritus
942 1082 1253 1149 nequam,
1289 1061 1396 1149 qui
1430 1062 1719 1153 detinent
1740 1076 2021 1131 mentem
2020 1078 2232 1184 atque
2255 1064 2529 1149 animam

486 1150 891 1245 subvertunt„
937 1156 1243 1237 Vei-sutus
1285 1163 1457 1259 enim
1504 1182 1600 1238 est
1641 1165 1970 1246 diabolus,
2016 1169 2364 1236 instructus
2397 1192 2537 1234 ma-

487 1256 732 1367 chinis,
783 1268 1025 1365 sorib‘us
1068 1254 1474 1361 tergeminis,
1532 1296 1607 1339 ac
1656 1252 1901 1340 vafritie
1944 1277 2181 1351 multa,
2230 1286 2538 1369 occupata

486 1358 674 1443 tenet
687 1358 922 1466 pascua
942 1376 1168 1442 animae
1187 1372 1376 1464 atque
1401 1376 1860 1468 cogitationes,
1882 1403 2002 1446 nec
2026 1379 2335 1477 permittit
2363 1388 2537 1473 recte

485 1483 769 1573 precari,
803 1497 871 1551 et
902 1488 1208 1552 accedere
1241 1487 1323 1550 ad
1351 1486 1562 1552 Deum
1580 1512 1599 1563 ς
1634 1485 1935 1576 quoniam
1965 1484 2100 1577 ips'a
2131 1499 2354 1553 natura
2384 1508 2540 1574 par-

488 1588 691 1678 ticeps
720 1600 816 1655 est
844 1591 1245 1668 daemonum,
1292 1612 1366 1656 ac
1398 1592 1739 1680 spirituum
1772 1592 2105 1679 nequitiam
2150 1593 2371 1657 itidem
2402 1591 2541 1657 An-

488 1697 779 1783 gelorum
822 1717 896 1761 ac
936 1695 1213 1782 Spiritus
1266 1698 1472 1760 sancti
1519 1720 1535 1759 ε
1593 1699 1900 1781 templum
1953 1708 2048 1759 est
2104 1697 2394 1770 Satanae,
2466 1718 2540 1761 ac

486 1802 803 1899 templum
854 1797 1056 1861 sancti
1117 1795 1409 1881 Spiritus.
1483 1796 1800 1879 Caeterum
1859 1797 2197 1900 expendite
2254 1797 2542 1879 animum

488 1915 797 1974 vestrum,
821 1897 1071 1971 fratres,
1101 1895 1435 1982 cujusnam
1469 1897 1616 1962 estis
1644 1896 2005 1984 participes»,
2034 1897 2424 1984 Angelorum
2457 1921 2540 1963 an

493 2000 902 2078 daemonumP
938 1998 1123 2086 cujus
1163 1998 1474 2085 templum
1514 2013 1580 2064 et
1624 2000 2018 2069 domicilium
2059 2001 2243 2075 estis,
2291 2001 2410 2067 Dei
2457 2026 2539 2067 an

494 2107 727 2181 diaboli
746 2105 902 2169 Pcor
918 2103 1090 2191 quali
1116 2103 1413 2169 thesauro
1438 2104 1520 2169 sit
1540 2106 1878 2194 repletum,
1902 2104 2117 2193 gratiae
2142 2128 2223 2169 an
2246 2105 2497 2171 Satanae
2515 2106 2547 2171 1¹

492 2217 684 2315 Velut
718 2212 911 2323 igitur
951 2214 1180 2293 domus
1225 2234 1378 2277 cum
1423 2212 1653 2289 referta
1690 2224 1785 2277 est
1795 2210 2240 2331 graveolentia
2272 2233 2347 2275 ac
2378 2224 2585 2281 ster-

496 2346 680 2398 core,
717 2318 1014 2387 convenit
1051 2316 1224 2384 illam
1260 2315 1513 2405 penitus
1559 2316 1813 2405 purgari
1862 2329 2053 2403 atque
2092 2315 2414 2392 exornari,
2467 2340 2540 2384 ac

497 2417 728 2526 repleri
766 2423 983 2520 quavis
1022 2421 1404 2516 fragrantia
1411 2433 1478 2488 et
1520 2418 1870 2497 thesauris·
1916 2434 1986 2486 ut
2029 2417 2299 2522 Spiritus
2357 2445 2542 2487 sanc-

494 2548 674 2744 {lus
651 2531 861 2599 veniat
897 2552 1016 2620 pro
1067 2525 1335 2626 Satana,
1377 2549 1449 2591 ac
1482 2526 1842 2618 requiescat
1877 2526 1942 2591 in
1973 2524 2197 2591 animis
2232 2501 2543 2632 Christia-

549 2659 756 2704 orum.

589 2727 743 2808 XX.
795 2733 1038 2826 Verum
1082 2734 1445 2816 enimvero,
1489 2756 1618 2797 non
1660 2733 1872 2799 statim
1904 2735 2120 2799 audito
2158 2734 2351 2800 verbo
2388 2735 2535 2812 Dei,

499 2839 752 2944 aliquis
786 2839 862 2908 fit
904 2841 1092 2905 bonae
1117 2837 1345 2930 partis·
1384 2835 1449 2901 Si
1481 2838 1656 2903 enim
1694 2840 1883 2904 simul
1914 2841 2227 2907 audiendo
2256 2840 2534 2908 efficere·

500 2940 614 3055 {ur
655 2946 904 3069 partis
894 2946 1110 3021 bonae,
1159 2967 1563 3048 nequaquam
1611 2945 1963 3032 extitissent
2009 2948 2382 3022 certamina,
2430 2960 2540 3010 aut

505 3051 872 3158 occasiones
910 3035 1265 3130 bellorum,
1313 3063 1424 3114 aut
1462 3071 1720 3125 cursus;
1759 3054 1870 3119 sed
1899 3052 2030 3118 sine
2062 3050 2315 3154 labore,
2347 3053 2538 3144 modo

505 3145 816 3238 audisset,
841 3153 1240 3254 pervenisset
1283 3154 1362 3218 ad
1407 3152 1685 3242 quietem
1732 3180 1803 3222 ac
1845 3158 2113 3248 gradum
2162 3131 2540 3248 perfectum.

495 3207 921 3382 ᾜιριιιιᾳιιιιειιιι
957 3273 1171 3346 autem
1216 3259 1302 3324 ita
1338 3281 1438 3323 res
1477 3282 1547 3324 se
1579 3259 1788 3328 habet.
1835 3262 2028 3329 Tollis
2061 3265 2232 3329 enim
2258 3264 2547 3354 volunta-

487 3382 674 3474 ttem
667 3365 981 3472 hominis,
1019 3367 1175 3444 dum
1204 3348 1330 3428 hoc
1363 3363 1616 3448 asseris,
1642 3379 1708 3432 et
1731 3371 2148 3434 reluctantem
2178 3337 2545 3456 facultatem

480 3497 642 3572 ‚9⁵89
672 3496 894 3570 negaS,
939 3461 1087 3561 ,quae
1128 3481 1441 3559 repugnet
1486 3471 1717 3538 animo.
1758 3471 1884 3539 Nos
1916 3488 2127 3539 autem
2161 3451 2285 3540 Ῐιόο
2316 3469 2542 3538 asseri-

504 3600 684 3670 mus,
714 3599 863 3658 eum
902 3575 1011 3664 qui
1057 3574 1326 3641 verbum
1360 3576 1571 3654 audit,
1606 3577 1819 3642 venire
1851 3577 1916 3643 iu
1950 3557 2537 3672 compunctionem,

493 3706 579 3789 ff:
618 3695 879 3786 postem
911 3680 1313 3749 subducente
1354 3706 1420 3749 se
1453 3683 1703 3776 gratia,
1740 3706 1853 3772 per
1898 3679 2481 3776 dispensationem
2468 3682 2549 3746 ad

383 3775 389 3788 Ι
497 3784 1004 3890 emolumentum
1034 3759 1312 3856 hominis
1327 3824 1350 3888 ι
1388 3779 1684 3880 ingredi'
1667 3811 1733 3854 m
1769 3783 2285 3898 exercitationem
2308 3811 2392 3856 ue
2425 3763 2549 3896 dis·

472 3881 518 3970 εῘ
555 3907 1021 4005 ὑίίοιμμνιιέιι
