2982 4885
1048 505 1130 550 ns
1178 505 1559 551 cuman.
2206 491 2333 560 385

381 618 563 689 XIX.
588 619 786 686 Unius
799 618 930 686 scre
945 620 1281 709 cujusque,
1315 644 1470 709 quas
1500 621 1787 689 videmus
1818 646 2061 704 rerum,
2087 651 2158 695 ea
2180 652 2340 697 con·-

298 727 454 794 ditio
497 739 592 803 est
618 774 636 801 ,
685 736 761 790 ut
799 724 862 789 ni
908 724 998 792 cis
1042 726 1373 792 subveniat
1417 725 1635 791 alienae
1686 740 1928 795 naturae
1981 734 2345 814 auxilium,

298 844 610 921 quantum
641 831 703 901 in
738 832 889 921 ipsis
913 846 1033 908 est,
1069 832 1145 898 ad
1173 834 1569 923 operandum
1609 833 1889 911 inutiles,
1916 836 2346 931 informesque

299 939 759 1026 relinquantur.
817 938 1157 1004 Iness'abilis
1197 939 1369 1004 enim
1421 938 1540 1003 Dei
1582 938 1887 1028 sapientia
1932 946 2230 1031 mysteria
2268 960 2337 1014 et

298 1056 482 1131 typos
519 1067 636 1133 per
672 1067 744 1109 ea
782 1066 928 1131 qua>
968 1044 1032 1109 in
1085 1045 1305 1110 oculos
1359 1044 1698 1108 incurrunt
1722 1091 1739 1117 .
1791 1043 1990 1132 iisque
2036 1064 2348 1117 monstrat

301 1164 592 1216 naturam
613 1150 957 1215 humanam
979 1149 1108 1227 sibi
1125 1150 1411 1216 relictam
1437 1147 1553 1213 soli
1586 1171 1723 1214 esse
1747 1148 2234 1220 insufficientem
2267 1158 2346 1225 ad

303 1255 733 1322 exhibendum
767 1256 833 1320 in
858 1279 924 1321 se
956 1256 1311 1345 perfectum
1349 1256 1655 1321 virtutum
1694 1269 2030 1334 ornatum,
2064 1272 2130 1324 et
2159 1261 2347 1350 spiri·-

305 1364 541 1427 tualem
594 1360 1026 1427 sanctimonia}
1082 1364 1420 1436 decorem,
1456 1360 1577 1425 nisi
1614 1360 1839 1425 divina:
1872 1364 2153 1429 subsidio
2198 1390 2347 1454 per-

305 1467 554 1532 fruatur
588 1489 832 1530 manus.
874 1465 1077 1533 Sicuti
1120 1478 1290 1531 terra
1332 1466 1397 1530 in
1431 1465 1561 1530 suis
1603 1487 1869 1530 manens
1913 1472 2308 1537 naturalibus
2323 1518 2345 1548 ,

306 1571 430 1637 nisi
454 1571 878 1658 {gricolarum
915 1570 1153 1635 artibus
1182 1555 1638 1658 laboribusque
1663 1586 2086 1660 praeparetur-3
2120 1588 2349 1661 praete-

310 1699 548 1764 reaque
574 1676 693 1740 nisi
722 1689 786 1742 et
819 1675 1122 1741 imbrium
1155 1688 1219 1741 et
1249 1675 1396 1741 solis
1429 1676 1735 1763 benignos
1766 1676 2028 1765 recipiat
2054 1678 2352 1758 influxus,

311 1782 524 1872 inepta
572 1795 668 1848 est
701 1795 765 1847 ct
801 1782 1065 1847 minime
1103 1780 1422 1845 sufficiens
1463 1783 1544 1845 ad
1573 1780 1921 1868 gignendos
1959 1781 2227 1851 fructus.
2264 1785 2357 1852 Si-

310 1874 651 1954 militcr'et
683 1889 908 1952 domus
938 1885 1235 1972 quaelibct
1268 1897 1341 1949 ut
1375 1883 1486 1949 fiat
1516 1884 1903 1960 habitabilis,
1939 1900 2083 1974 eget
2112 1890 2355 1957 lumine

311 1993 523 2068 solari,
544 1994 761 2058 alienae
786 1991 1001 2079 utique
1026 1992 1104 2055 ab
1131 1990 1260 2079 ipsa
1292 2003 1534 2055 naturae
1555 2015 1574 2065 ς
1597 2012 1724 2077 quo
1756 1991 1808 2056 si
1833 2006 2068 2067 careat,
2096 1995 2353 2083 oppleta

303 2100 582 2169 tenebris
613 2100 774 2165 nulli
804 2100 882 2164 sit
909 2098 1066 2163 usui.
1104 2098 1216 2162 His
1245 2097 1470 2162 similia
1504 2099 1702 2161 multa
1727 2097 1989 2163 videbis.
2026 2098 2128 2164 Ad
2167 2099 2347 2166 hunc

305 2204 496 2295 igitur
544 2205 809 2267 modum
855 2202 1133 2265 humana
1191 2222 1451 2285 quoque
1504 2212 1730 2265 natura
1779 2200 2095 2287 impotens
2138 2228 2252 2290 per
2281 2229 2348 2270 se

309 2308 511 2394 ipsam
554 2318 686 2379 est,
735 2307 815 2368 ad
859 2303 1102 2367 fructus
1149 2302 1454 2365 virtutum
1500 2303 1816 2391 perfectos
1867 2307 2351 2390 producendosg

312 2411 675 2500 indigetque
708 2412 790 2474 ad
823 2408 886 2473 id
911 2429 1097 2496 opera
1131 2406 1470 2494 spiritualis
1504 2405 1795 2494 agricolae
1824 2408 2180 2476 animarum
2213 2435 2355 2480 nos·

313 2529 580 2590 trarum,
616 2513 727 2603 qui
754 2526 851 2578 est
882 2511 1155 2600 Spiritus
1188 2510 1447 2585 Christi,
1482 2512 1701 2576 alienae
1731 2512 2018 2601 profecto
2052 2540 2089 2583 a
2137 2530 2357 2585 nostra

314 2637 580 2696 naturae,
626 2642 773 2685 cum
807 2641 923 2683 nos
974 2629 1321 2691 creaturae,
1360 2616 1495 2704 ipse
1536 2616 1858 2685 increatus
1888 2621 2007 2696 sit;
2050 2636 2123 2692 nt
2164 2637 2360 2690 exco-

312 2728 517 2794 lendis
562 2738 694 2791 arte
731 2724 852 2792 sibi
899 2721 1154 2813 propria
1211 2721 1499 2787 fidelium
1543 2722 1886 2801 cordibus,
1927 2726 2028 2802 iis.
2062 2728 2352 2816 inquam,

316 2855 454 2922 quae
488 2856 553 2898 se
589 2843 718 2897 tota
765 2832 1087 2897 voluntate
1130 2827 1439 2916 spirituali
1478 2829 1709 2894 colono
1750 2830 2070 2918 praebcnt,
2117 2832 2353 2902 efficiat

312 2961 386 3006 ea
431 2937 661 3004 feracia
692 2935 1122 3025 perfectorum
1157 2931 1427 3022 Spiritus
1463 2933 1829 3010 fructuum3
1869 2948 1935 3001 et
1963 2939 2182 3004 lumen
2214 2939 2357 3026 ejus

309 3045 635 3136 splendeat
650 3043 712 3109 in
731 3042 1142 3109 obtenebrata
1159 3038 1746 3129 perturbationibus
1767 3040 2108 3110 affectuum
2128 3043 2352 3114 animae

310 3166 539 3219 nostrae
567 3155 777 3218 domn.

398 3259 546 3326 XX.
567 3259 814 3347 Duplex
845 3254 1215 3322 Christianis
1239 3265 1335 3319 est
1359 3253 1600 3320 bellum
1624 3264 1689 3318 et
1713 3235 1948 3341 dupleai
1969 3257 2161 3318 lucta.
2194 3254 2353 3322 Nam

313 3379 377 3433 et
406 3389 506 3441 ea,
541 3389 679 3453 quae
706 3388 773 3428 se
804 3361 1087 3449 corporis
1120 3360 1322 3424 oculis
1352 3357 1693 3445 objiciunt,
1728 3356 2020 3430 invitant,
2041 3355 2354 3428 titillando

315 3470 565 3536 irritant
599 3483 675 3534 ‘et
738 3475 1087 3552 provocant
1141 3462 1419 3526 animam
1494 3463 1576 3523 ad
1633 3484 1700 3524 se
1743 3458 1975 3525 affectu
2032 3464 2355 3549 complec-

314 3576 507 3641 tenda
534 3624 550 3647 .
582 3585 647 3637 et
682 3572 762 3636 ad
797 3564 1025 3634 oblatis
1057 3585 1169 3650 per
1207 3562 1338 3647 ipsa
1374 3563 1801 3646 voluptatibus
1827 3564 2168 3628 fruendum
2197 3591 2219 3640 ς
2252 3568 2355 3633 ul·

316 3690 542 3766 traque
593 3677 763 3750 ltaec,
807 3674 1105 3738 adversus
1146 3665 1309 3731 acris
1352 3664 1661 3752 principis
1698 3670 1949 3733 mundi·
1964 3668 2357 3758 principatus

316 3795 383 3849 ct
413 3791 774 3872 potestates.

402 3885 587 3955 XXI.
621 3883 835 3950 Gloria
872 3880 1096 3956 Masis,
1129 3900 1322 3966 quam
1366 3877 1428 3941 in
1469 3874 1630 3942 facie
1677 3875 1923 3955 habuit,
1964 3891 2151 3968 typus
2194 3906 2356 3952 νει-ω

313 3992 528 4084 glorioe
586 3987 963 4057 sanctissimi
1009 3983 1284 4076 Spiritus
1344 3994 1515 4074 crau
1590 3983 2129 4072 quemadmodum
2188 3989 2360 4057 enim

535 4120 748 4164 xtvnt.
2055 4091 2134 4155 25
