2982 4885
628 520 763 612 39⁶
1397 512 1414 527 ‘
1429 539 1474 582 s.
1531 537 1882 584 »naastan

624 674 834 727 turam
870 655 1291 732 arbitrantur,
1325 657 1503 741 quod
1531 676 1685 721 cum
1714 653 1954 720 audivit
1982 653 2259 742 populus
2289 656 2572 746 primum
2604 659 2664 729 in

627 765 898 854 AEgypto
932 783 1048 850 per
1091 758 1308 826 Mosen
1357 773 1510 825 tunc
1552 759 1857 848 temporis
1898 770 1964 824 et
2002 759 2317 839 credidit,
2364 763 2663 832 liberatur

626 873 704 936 de
726 868 1054 935 Pharaone
1083 877 1151 930 et
1174 864 1481 952 AEgyptiis
1511 887 1528 928 t
1561 864 1791 929 deinde
1822 862 1996 951 quod
2019 863 2214 930 exivit
2241 864 2322 931 de
2359 868 2650 958 AEgypto:

627 973 811 1040 tertio
851 972 1030 1060 quod
1061 970 1124 1035 in
1170 980 1457 1034 montem
1491 969 1604 1035 ivit
1628 1017 1644 1042 ,
1679 980 1746 1034 et
1777 968 2027 1057 accepit
2060 970 2268 1057 legem
2317 993 2350 1036 a
2394 973 2654 1041 Domino

625 1079 983 1150 Salvatore3
1009 1086 1235 1161 quarto
1258 1073 1428 1160 quod
1461 1073 1716 1139 intravit
1752 1072 1818 1137 in
1849 1086 2087 1140 terram
2122 1077 2650 1163 repromissionis,

624 1188 738 1252 sed
777 1206 906 1251 non
940 1202 1163 1247 omnes
1202 1178 1620 1254 introierunt,
1659 1180 1820 1244 sicut
1855 1179 2169 1270 scriptum
2208 1195 2305 1247 est
2330 1233 2347 1258 ‚
2386 1186 2501 1250 nisi
2532 1189 2648 1252 duo

624 1292 765 1366 soli,
799 1289 984 1355 Jesus
1015 1298 1080 1351 et
1106 1283 1346 1351 Chaleb
1367 1333 1385 1359 ,
1414 1297 1485 1350 ut
1517 1283 1671 1349 dixit
1701 1281 2046 1372 Scriptura.
2082 1284 2205 1351 Alii
2237 1300 2451 1354 autem
2482 1290 2646 1355 dixe·

625 1390 813 1463 runt:
845 1395 1139 1474 Quatuor
1159 1389 1397 1478 jejunia
1420 1403 1569 1455 sunt
1604 1389 1901 1473 Eoclesiae
1931 1391 2047 1456 ista
2077 1391 2144 1457 in
2184 1408 2454 1482 quatuor
2480 1395 2640 1462 libris

623 1500 782 1570 Mosi
819 1522 835 1564 :
876 1496 1024 1586 quia
1055 1494 1334 1584 primum
1365 1492 1518 1560 fecit
1548 1493 1719 1559 Deus
1753 1492 1965 1560 omnia
1999 1494 2065 1560 in
2110 1495 2341 1565 Genesi
2370 1512 2434 1566 et
2463 1500 2645 1566 homi·

461 1584 473 1596 ’
564 1630 570 1636 ·
624 1627 774 1672 nem
803 1603 857 1679 ¹,
897 1615 972 1668 ut
1002 1600 1308 1688 scriptum
1338 1611 1453 1665 est.
1493 1597 1790 1665 Secundo
1824 1600 1890 1665 in
1920 1601 2140 1667 Exodo
2160 1651 2180 1679 ,
2213 1627 2340 1691 quo
2373 1608 2449 1671 de
2481 1619 2647 1672 tene-

617 1713 754 1780 bris
775 1712 1080 1778 liberatus
1095 1707 1224 1777 exit
1245 1706 1450 1772 omnis
1472 1706 1668 1772 homo
1693 1708 1961 1772 credens
1983 1707 2049 1772 in
2069 1706 2391 1776 Christum
2414 1712 2641 1779 Deum:

499 1835 509 1843 ·
621 1816 811 1884 tertio
840 1837 969 1903 quo
1001 1815 1067 1878 in
1103 1811 1384 1878 Levitico
1423 1810 1610 1877 offert
1655 1810 1964 1877 sacrificia
2010 1813 2291 1893 diversa,
2326 1841 2464 1905 quae
2507 1833 2648 1885 sunt

625 1919 839 1987 omnia
883 1915 1362 1991 christianitatis
1403 1915 1733 2003 mysteria,
1777 1916 2024 1995 Quarto
2076 1932 2216 2007 post
2264 1921 2640 1986 oblationem

622 2022 996 2113 spiritalium
1022 2021 1337 2084 donorum
1367 2019 1432 2082 in
1457 2019 1621 2084 lihro
1643 2020 1907 2085 Numeri
1931 2037 2237 2088 mereatur
2263 2025 2461 2088 omnis
2482 2025 2633 2090 fide-

621 2131 698 2196 lis
727 2122 1085 2199 conscribi,
1126 2123 1300 2210 quod
1333 2122 1417 2188 ait
1454 2135 1520 2189 et
1547 2124 1857 2190 Dominus
1886 2148 1904 2190 :
1956 2153 1982 2186 ι
2003 2127 2302 2204 Gaudete,
2333 2129 2483 2215 quia
2511 2152 2634 2194 no-

619 2218 647 2298 s
666 2234 838 2300 mina
881 2241 1084 2298 vestra
1121 2228 1353 2317 scripta
1395 2240 1544 2294 sunt
1586 2228 1651 2293 in
1696 2228 1861 2296 libro
1905 2233 2211 2297 coelorum
2230 2231 2280 2297 ².
2321 2261 2347 2295 s
2384 2234 2539 2299 Ideo
2582 2247 2646 2300 et
2700 2284 2707 2289 -

621 2339 825 2406 David
861 2338 942 2403 de
968 2333 1206 2401 Judaeis
1233 2332 1386 2399 dicit
1419 2357 1435 2399 ε
1470 2360 1497 2395 c
1527 2334 1872 2402 Deleantur
1902 2336 1981 2401 de
2009 2337 2171 2402 libro
2208 2338 2557 2405 viventium
2585 2353 2646 2406 et

621 2469 817 2513 »cum
844 2442 1030 2533 justis
1072 2463 1199 2508 non
1239 2438 1601 2506 scribantur
1624 2438 1644 2474 ⁸
1676 2465 1696 2517 ς
1731 2468 1756 2501 s
1794 2453 1861 2507 et
1902 2441 2034 2530 ipse
2065 2441 2343 2524 iterum:
2403 2472 2429 2506 α
2466 2446 2541 2510 Et
2580 2446 2640 2510 in

621 2552 831 2619 »libro
867 2561 980 2615 tuo
1009 2547 1076 2613 in
1108 2558 1170 2612 te
1215 2546 1549 2611 credentes
1594 2545 2146 2614 conscribentur⁴.
2189 2578 2216 2611 ι
2270 2550 2419 2617 Haec
2463 2551 2643 2617 etiam

622 2651 862 2747 jejunia
892 2657 958 2722 in
992 2665 1263 2742 quatuor
1289 2651 1627 2741 Evangelia
1660 2676 1779 2720 nos
1809 2666 2060 2744 oportet
2095 2657 2389 2746 accipere
2416 2660 2495 2725 de
2525 2658 2641 2724 Pa-

619 2760 915 2829 triarchis
935 2807 954 2834 ,
992 2756 1324 2846 Prophetis
1344 2806 1363 2833 ,
1397 2758 1847 2824 Sacerdotibus
1865 2808 1884 2836 ,
1923 2773 1991 2827 et
2016 2759 2371 2850 Apostolis,
2417 2786 2551 2851 quae
2580 2763 2641 2829 in

617 2865 804 2933 nobis
826 2863 1202 2952 complenda
1227 2874 1392 2928 sunt.
1424 2862 1617 2943 Quod
1638 2863 1917 2954 primum
1933 2863 2090 2932 fides
2113 2866 2632 2944 Patriarcharum,

619 2972 851 3038 deinde
904 2970 1102 3036 virtus
1144 2968 1608 3057 Prophetarum
1637 3018 1656 3044 ,
1700 2970 1894 3035 tertio
1944 2970 2127 3037 labor
2180 2973 2573 3040 sacerdotum
2599 3019 2617 3045 ‚

619 3087 847 3166 quarto
879 3073 1324 3163 Apostolorum
1368 3073 1674 3162 perfectio
1706 3073 1924 3140 invicti
1956 3077 2307 3144 certaminis
2336 3075 2629 3140 nuntian-

620 3195 752 3258 tur,
783 3203 923 3270 quae
955 3179 1215 3247 diversae
1235 3176 1497 3243 virtutes
1526 3175 1799 3243 invicem
1824 3199 1972 3244 cum
1998 3179 2127 3246 suis
2155 3179 2460 3244 virescunt
2485 3199 2635 3243 con-

621 3309 798 3353 ηοω
818 3284 1238 3374 temporibus,
1255 3295 1320 3349 et
1342 3284 1643 3348 docentes
1667 3281 1955 3348 homines
1972 3284 2641 3373 diversa·jucunditatis

625 3390 852 3480 gaudia
883 3387 1383 3457 desiderantibus
1410 3399 1480 3453 et
1507 3386 1902 3477 capientibus
1933 3390 2430 3457 subministrant.

688 3575 708 3600 ¹
749 3560 897 3613 Num.
918 3573 1023 3620 xiv,
1043 3558 1129 3620 So,
1150 3565 1202 3612 et
1219 3572 1357 3613 xxm
1378 3591 1396 3621 ,
1421 3572 1497 3614 ss.
1525 3585 1588 3603 -·
1616 3572 1637 3602 ⁸
1661 3561 1782 3616 Ioue.
1806 3579 1864 3624 x,
1893 3578 1971 3615 so.
1995 3585 2060 3605 --
2092 3565 2115 3604 ⁸
2133 3564 2265 3619 Psal-
2299 3582 2473 3629 urin,
2494 3582 2646 3633 ²9·-

618 3642 645 3685 4
669 3640 746 3695 ld.
770 3656 1015 3703 cxxxviii,
1039 3639 1113 3693 ns.
