2982 4885
610 494 695 572 30
1280 510 1328 566 s.
1381 504 1648 565 ιιιοιιιιι
1691 502 1963 565 maram

607 640 964 739 tlplieatutn
1010 648 1105 705 est
1131 664 1161 715 ς,
1194 635 1281 705 ita
1326 661 1449 703 una
1496 638 1767 727 pravitas
1817 634 2224 704 affectionum
2269 628 2636 709 universum

603 752 798 839 genus
840 744 1174 814 bominum
1206 744 1463 837 invasit,
1503 743 1767 832 illosque
1797 766 2014 810 omnes
2053 743 2347 835 princeps
2379 744 2635 813 malitiae

602 854 961 927 continuis
1007 850 1268 925 crassis,
1322 844 1537 933 vanis,
1587 872 1660 915 ac
1701 851 2107 921 tumultuosis
2152 848 2634 940 cogitationibus

596 958 807 1049 potest
840 958 1141 1025 cribrare.
1184 955 1342 1029 Nam
1380 954 1546 1029 sicut
1588 978 1752 1027 unus
1784 968 2009 1029 ventus
2039 978 2259 1023 omnes
2287 958 2527 1047 plantas
2558 981 2634 1025 ac

598 1065 836 1139 demina
870 1074 1079 1154 potest
1114 1062 1347 1153 agitare
1372 1071 1435 1125 et
1467 1083 1905 1137 commovere;
1944 1075 2052 1127 aut
2083 1064 2272 1128 veluti
2300 1086 2439 1137 unae
2465 1075 2634 1130 tene·

591 1166 724 1241 br'ae
777 1170 981 1237 noctis
1043 1194 1158 1263 per
1211 1167 1567 1237 universam
1607 1170 1862 1233 'terram
1923 1166 2427 1258 multiplicantur
2465 1194 2481 1235 ε
2548 1168 2630 1236 ita

592 1272 889 1371 princeps
912 1272 1214 1351 malitiae,
1244 1271 1352 1365 qui
1381 1284 1476 1338 est
1509 1274 1680 1343 velut
1711 1271 1992 1339 tenebra:
2021 1264 2356 1345 rationales
2380 1274 2630 1340 malitiae

592 1386 657 1479 et
687 1380 938 1455 mortis,
965 1398 1038 1467 nc
1070 1380 1242 1451 velut
1265 1391 1488 1443 ventus
1514 1376 1802 1451 occultus
1821 1388 1884 1443 et
1906 1377 2191 1473 agrestis,
2224 1401 2414 1450 omne
2434 1403 2630 1477 genus

591 1478 987 1563 humanum,
1020 1484 1192 1579 quod
1224 1480 1531 1577 estsuper
1563 1497 1833 1561 terram,
1870 1485 2210 1555 conturbat
2242 1507 2314 1551 ac
2351 1486 2631 1552 circum-

591 1578 717 1689 agit
748 1590 1069 1673 continuis
1100 1584 1622 1685 cogitationibus:
1651 1604 1715 1657 et
1743 1590 2173 1689 voluptatibus
2203 1590 2475 1661 mundi
2459 1596 2629 1663 nnes‘-

589 1694 692 1761 dat
729 1698 922 1760 corda
961 1697 1330 1767 hominum,
1368 1719 1442 1758 ac
1475 1696 1880 1763 tenebrarum
1917 1695 2307 1781 ignorantia,
2344 1695 2630 1761 caecitate

588 1790 655 1862 et
676 1792 1020 1868 oblivione,
1038 1796 1268 1912 -.replet
1270 1816 1529 1859 omnem
1562 1795 1834 1875 animam
1860 1797 2135 1883 desuper
2158 1817 2286 1858 non
2311 1798 2626 1872 renatam,

591 1900 781 1991 atque
809 1907 1026 1965 mente
1062 1906 1129 1961 et
1169 1893 1378 1964 animo
1414 1895 1477 1959 in
1513 1897 1812 1962 saeculum
1852 1897 2023 1961 aliud
2056 1919 2183 1961 non
2224 1899 2623 1974 translatam,

592 2014 665 2071 nt
689 2003 931 2075 dictum
963 2012 1095 2065 est·
1139 2026 1163 2059 ι
1196 1998 1423 2065 Nostra
1457 1999 1851 2066 conversatio
1879 2000 1947 2065 in
1981 2001 2156 2067 coelis
2188 2012 2285 2067 est
2314 2001 2361 2067 ¹.
2569 2040 2594 2088 t

670 2102 904 2173 IV.1n
936 2098 1071 2171 hoc
1098 2104 1267 2169 enim
1300 2101 1604 2173 differunt
1639 2104 1769 2170 veri
1803 2103 2142 2173 Christiani
2185 2104 2261 2170 ab
2301 2104 2475 2175 omni
2514 2130 2628 2201 ge·

585 2230 740 2279 nere
774 2205 1152 2283 hominum,
1206 2217 1271 2274 et
1309 2229 1536 2309 magna
1582 2208 1950 2291 differentia
1975 2212 2138 2283 inter
2172 2224 2511 2299 utrosque,
2556 2223 2627 2277 ut

585 2302 866 2404 praedixi,
902 2324 1186 2380 versatur
1215 2314 1279 2380 in
1312 2337 1412 2389 eo,
1416 2263 1624 2402 ”quod
1647 2316 1893 2383 animus
1918 2312 1982 2385 et
2013 2315 2371 2385 intellectus
2403 2314 2624 2382 Chris-

586 2412 906 2488 tianorum
947 2442 1196 2509 semper
1234 2420 1402 2487 circa
1440 2423 1728 2488 coelestes
1761 2421 2173 2511 cogitationes
2205 2435 2524 2500 versetur,
2559 2435 2624 2491 et

586 2526 862 2592 doelestia
899 2524 1069 2593 bona
1105 2523 1425 2596 intueatur
1459 2539 1720 2616 propter
1757 2526 2314 2620 participationem
2352 2528 2622 2617 Spiritus

583 2613 830 2704 sancti;
865 2625 1039 2717 quod
1075 2629 1348 2717 desuper
1390 2651 1469 2692 ex
1500 2628 1635 2694 Deo
1667 2630 1835 2703 nati,
1867 2637 1933 2694 et
1963 2643 2035 2695 ut
2067 2629 2223 2700 fiant
2251 2631 2364 2702 filii
2406 2632 2523 2699 Dei
2555 2632 2621 2698 in

588 2722 853 2801 veritate
881 2744 945 2796 et
977 2730 1282 2819 potentia,
1314 2731 1484 2822 digni
1510 2731 1846 2798 existimati
1871 2733 2019 2811 sint,
2053 2748 2242 2825 atque
2275 2739 2356 2804 ad
2384 2751 2618 2805 statum

581 2847 647 2905 et
650 2821 1111 2910 stabilitatem,
1147 2847 1213 2900 et
1241 2834 1762 2925 tranquillitatem
1802 2861 1875 2904 ac
1905 2841 2187 2932 requiem
2220 2867 2335 2940 por
2359 2864 2618 2934 magnos

578 2944 831 3014 labores
861 2967 935 3009 ac
974 2943 1235 3010 sudores
1268 2944 1469 3008 multa
1504 2955 1648 3038 post
1677 2956 1960 3038 tempora
2002 2947 2406 3030 devenerint,
2445 2948 2620 3015 nullo

587 3039 856 3172 implius
880 3047 1090 3112 cribro
1116 3041 1355 3135 agitati,
1381 3070 1590 3142 neque
1619 3047 2054 3124 fluctuantes'
2034 3077 2097 3119 ιιι
2105 3053 2386 3121 caducis
2416 3069 2489 3120 a'c
2518 3073 2620 3121 va-

578 3139 677 3226 nis
740 3149 1243 3248 cogitationibus.
1310 3153 1387 3222 In
1444 3177 1573 3242 quo
1642 3156 1915 3241 maiores
1984 3180 2057 3225 ac
2119 3159 2415 3227 meliores
2471 3171 2619 3248 sunt

579 3256 854 3352 mundo,
884 3279 963 3324 eo
986 3259 1158 3348 quod
1190 3249 1551 3354 inteilectus
1574 3284 1828 3338 eorum,
1864 3275 1929 3330 et
1962 3264 2256 3355 cogitatio
2297 3264 2518 3332 animae
2551 3266 2618 3332 in

584 3339 818 3431 Christi
839 3386 1020 3455 pace,
1043 3369 1231 3457 atque
1258 3361 1320 3442 in
1339 3355 1677 3466 dilectione
1700 3365 1968 3458 Spiritus
1987 3384 2294 3450 versetur,
2312 3372 2476 3438 sicut
2493 3369 2616 3448 Do-

578 3451 791 3540 minus
821 3471 900 3535 de
941 3467 1118 3544 hisce
1150 3492 1510 3540 sermonem
1541 3469 1806 3549 habens,
1846 3474 2045 3542 dixit·
2097 3502 2121 3535 ι
2148 3475 2270 3542 Εο5
2298 3475 2616 3543 transiisse

577 3598 701 3648 »ex
726 3588 932 3660 morte
978 3573 1045 3639 in
1093 3573 1350 3640 vitam²
1355 3623 1371 3640 .
1418 3603 1444 3636 »
1490 3574 1632 3643 Non
1673 3577 1868 3666 igitur
1901 3577 1966 3646 in
1997 3579 2218 3669 liguris
2254 3594 2361 3654 aut
2395 3578 2615 3646 formis

579 3661 997 3752 exterioribus
1030 3679 1353 3750 diversitas
1387 3679 1892 3752 Christianorum
1940 3686 2265 3764 consistit,
2301 3684 2612 3773 quemad-

573 3784 880 3862 modum
864 3808 925 3851 ιιι
952 3783 1078 3851 hoc
1110 3785 1468 3890 existimant
1497 3787 1686 3856 multi
1717 3788 2061 3858 consistere
2085 3791 2511 3860 diversitatem
2536 3809 2608 3856 ac

576 3875 996 3961 differentiam
1042 3892 1205 3959 inter
1248 3918 1394 3970 eoS,
1446 3894 1513 3959 in
1562 3891 1897 3985 superficie
1948 3918 2022 3964 ac
2065 3895 2301 3988 liguris.
2355 3895 2608 3986 Quippe

640 4043 658 4074 ⁸
685 4028 1392 4108 Phitip.111,ao-—·.Joan
1416 4046 1469 4091 ν,
1502 4028 1580 4081 ι5.
