2982 4885
666 495 793 590 ¹7⁴
1298 571 1313 582 ,
1338 511 1386 557 s.
1438 507 1706 558 meam
1747 506 2017 559 terrm

662 638 744 703 ad
764 634 1048 702 diadema
1090 629 1335 719 regium
1373 629 1681 717 pertinet,
1728 630 1841 697 soli
1866 630 1998 720 regi
2022 630 2351 706 convenia
2393 631 2696 722 solusque

652 757 762 807 rex
802 740 967 805 haue
1014 735 1422 824 margaritam
1472 747 1720 825 gestare
1790 745 2005 825 potest
2040 761 2056 801 :
2093 734 2196 802 alii
2247 760 2398 804 vero
2448 738 2692 808 homini

655 858 900 936 gestare
931 841 1302 930 hujusmodi
1330 842 1738 929 margaritam
1770 865 1899 908 non
1930 844 2100 908 licet.
2129 843 2224 907 Ita
2253 843 2375 909 nisi
2398 844 2541 931 quis
2563 846 2692 914 fue-

657 955 742 1020 rit
779 965 966 1019 natus
1014 973 1048 1015 a
1095 948 1274 1039 regio
1307 968 1380 1012 ae
1424 948 1635 1014 divino
1670 947 1948 1039 Spiritu,
1997 961 2063 1015 et
2096 972 2293 1039 genus
2323 952 2580 1018 coeleste
2616 975 2692 1020 ac

654 1057 898 1148 regium
932 1054 1079 1132 fiat,
1113 1066 1178 1121 et
1203 1052 1399 1119 Filius
1431 1053 1586 1130 Dei,
1613 1056 1980 1120 seeundum
1998 1057 2171 1143 quod
2200 1055 2505 1146 scriptum
2536 1072 2634 1124 est
2669 1083 2686 1126 ε

672 1171 701 1225 ἰ
738 1155 1070 1249 Quotquot
1107 1170 1318 1224 autem
1350 1172 1733 1250 receperunt
1765 1183 1949 1236 eum,
1989 1160 2164 1226 dedit
2190 1161 2280 1226 eis
2316 1174 2693 1251 potestatem

660 1266 867 1333 »filios
911 1265 1027 1348 Dei
1069 1261 1208 1329 fieri
1231 1264 1250 1298 ¹
1279 1313 1299 1339 ,
1333 1293 1358 1326 ι
1415 1269 1737 1332 coelestem
1769 1279 1833 1332 et
1866 1253 2689 1359 pretiosam-margaritam,

656 1371 998 1461 imaginem
1050 1367 1347 1444 luminis,
1395 1369 1653 1435 luminis
1707 1370 1965 1458 inquam
2010 1368 2383 1451 ineffabilis,
2428 1397 2566 1462 quae
2597 1386 2697 1440 est

652 1473 966 1545 Dominus
987 1491 1011 1553 ,⁸
1032 1488 1278 1565 gestare
1312 1475 1565 1564 nequit,
1601 1475 1835 1570 quippe
1869 1476 1977 1566 qui
2007 1499 2138 1544 non
2170 1478 2251 1545 sit
2282 1479 2439 1570 regis
2464 1478 2686 1545 Filius.

659 1579 790 1666 Qui
822 1583 994 1649 enim
1040 1579 1281 1648 babent
1308 1594 1373 1647 et
1409 1596 1640 1672 gerunt
1675 1584 2080 1674 margaritam
2105 1636 2125 1662 ,
2169 1585 2424 1663 vivunt,
2460 1596 2526 1650 et
2560 1605 2695 1673 reg-

647 1697 807 1770 nant
832 1711 959 1755 una
992 1710 1141 1752 eum
1180 1687 1433 1752 Christo
1464 1689 1532 1753 in
1570 1692 1817 1754 saeeula.
1855 1689 1961 1753 Sic
1985 1690 2158 1753 enim
2192 1692 2396 1778 inquit
2427 1690 2698 1780 Aposto-

650 1793 753 1861 lus
779 1815 797 1860 ε
856 1819 882 1851 ι
913 1791 1090 1854 Sicut
1121 1787 1506 1873 gestavimus
1530 1789 1873 1875 imaginem
1904 1792 2178 1865 terreni,
2212 1794 2604 1880 gestabimus
2633 1802 2703 1858 et

652 1893 1037 1981 »imaginem
1070 1887 1405 1956 coelestis².
1446 1917 1473 1952 ι

745 1997 826 2065 11.
877 1994 1149 2064 Perinde
1200 1996 1372 2062 enim
1424 2013 1497 2058 ae
1552 2010 1780 2075 equus,
1845 1990 2134 2079 ‘quandiu
2188 1989 2253 2058 in
2296 1994 2487 2084 sylvis
2542 2019 2704 2068 cum

657 2102 1007 2197 'agrestibus
1058 2098 1426 2170 animalibus
1469 2091 1775 2186 pascitur.
1828 2095 1943 2161 sub
1974 2094 2126 2185 jugo
2174 2121 2246 2164 ac
2280 2098 2554 2188 imperio
2581 2101 2700 2170 ho-

652 2207 903 2279 minum
928 2229 1063 2277 esse
1084 2211 1348 2270 recusat.
1380 2197 1729 2288 Siquando
1747 2223 1922 2277 vero,
1955 2214 2028 2267 ut
2049 2203 2452 2283 mansuefiat,
2490 2212 2698 2301 capia.

655 2325 795 2398 tur,
840 2313 1131 2404 injiciunt
1164 2303 1222 2369 ei
1254 2303 1507 2371 frenum
1544 2325 1771 2395 gravo,
1805 2311 2010 2374 donee
2044 2310 2392 2400 composite
2428 2325 2493 2380 et
2531 2339 2690 2383 eon-

658 2448 814 2516 grne
856 2409 1149 2508 progredi
1203 2408 1421 2478 discat.
1485 2412 1904 2481 Postmodum
1960 2415 2294 2483 exercetur
2352 2440 2386 2484 a
2445 2444 2683 2489 sessore

651 2528 852 2619 perito
873 2568 891 2603 ‚
917 2530 991 2584 ut
1022 2517 1104 2584 ad
1126 2517 1365 2586 bellum
1391 2534 1645 2608 quoque
1668 2520 2044 2586 commodus
2074 2520 2172 2591 sit.
2207 2522 2490 2590 Tandem
2511 2551 2683 2594 exor-

648 2630 801 2699 nant
842 2646 992 2692 eum
1036 2626 1224 2691 armis
1262 2674 1282 2702 ,
1333 2625 1600 2690 thorace
1642 2625 1904 2715 inquam
1935 2675 1954 2702 ,
2008 2637 2072 2691 et
2125 2628 2362 2705 lorica,
2409 2653 2679 2721 eumque

694 2733 860 2801 riore
882 2732 1061 2799 freno
1106 2751 1439 2819 suspenso,
1472 2742 1538 2795 et
1571 2729 1803 2819 agitato
1838 2744 1983 2796 ante
2009 2733 2229 2797 oculos
2253 2734 2428 2821 ejus,
2469 2761 2679 2805 assue-

643 2760 918 2914 Eaeiunt,
955 2860 1036 2903 ne
1059 2837 1190 2901 ullo
1223 2848 1465 2900 terrore
1491 2836 1906 2923 percutiatur.
1946 2835 2156 2926 Atque
2192 2837 2282 2906 sic
2307 2843 2568 2909 edoctus
2599 2844 2676 2923 ab

644 2949 990 3020 insessore,
1044 2931 1161 3007 nis‘i
1203 2940 1534 3016 didicerit,
1586 2941 1801 3029 praelio
1850 2946 2240 3010 contendere
2276 2948 2538 3035 nequit:
2567 2947 2676 3015 ubi

640 3073 789 3119 vero
829 3046 1156 3123 didicerit,
1192 3058 1257 3111 et
1287 3046 1456 3111 bello
1488 3045 1680 3111 suerit
1715 3049 2148 3129 assuefactus,
2185 3049 2237 3115 si
2274 3056 2467 3119 modo
2496 3055 2678 3127 subo·

640 3155 833 3225 luerit
850 3202 867 3229 ,
892 3165 958 3219 et
980 3150 1374 3218 subaudierit
1404 3173 1631 3225 sonum
1655 3152 1955 3219 bellicum
1979 3204 1998 3231 ,
2035 3156 2166 3244 ipse
2200 3159 2358 3223 adeo
2386 3172 2679 3250 prompte

644 3263 938 3328 adversus
970 3258 1184 3324 hostes
1215 3255 1662 3344 progreditur,
1705 3269 1780 3324 ut
1818 3261 1951 3327 sola
1979 3280 2136 3326 voce
2167 3272 2475 3330 terrorem
2505 3265 2679 3332 incu-

636 3369 752 3435 tiat
781 3363 1088 3432 hostibus.

636 3498 645 3515 ⁵
725 3472 835 3538 111.
889 3470 1147 3539 Eodem
1174 3488 1431 3554 queque
1463 3468 1656 3533 mode
1702 3469 1913 3534 anima
1946 3482 2090 3558 post
2119 3475 2680 3563 transgressionem

638 3576 900 3668 agrestis
932 3587 999 3640 et
1022 3571 1369 3649 indomita,
1410 3573 1474 3637 in
1509 3575 1759 3639 deserto
1792 3573 1987 3659 hujus
2015 3578 2238 3645 mundi
2267 3592 2680 3653 conversatur

630 3708 787 3754 num
831 3682 980 3749 seris
1012 3730 1033 3757 ,
1080 3678 1403 3767 spiritibus
1451 3679 1699 3744 scilieet
1755 3681 2055 3767 nequitiae
2085 3733 2103 3761 ,
2151 3684 2571 3753 ministerium
2612 3687 2676 3752 in

630 3801 897 3883 peceato
930 3786 1171 3851 obiens.
1214 3786 1334 3852 Ubi
1368 3808 1518 3853 vero
1551 3784 1821 3853 audierit
1852 3788 2120 3857 verbum
2148 3791 2315 3870 Dei,
2361 3814 2437 3859 ac
2467 3792 2677 3859 credi-

635 3898 840 3972 derit,
872 3891 1228 3961 refrenatur
1264 3915 1300 3958 a
1323 3891 1563 3980 Spiritu
1596 3914 1670 3957 ae
1682 3894 1963 4012 deponit
1995 3919 2206 3968 mores
2238 3912 2556 3989 agrestes,
2609 3910 2678 3967 et

702 4031 893 4085 vlam.
914 4045 953 4090 ι.
976 4044 1050 4081 12.
1079 4027 1388 4081 -οιῦοτ,
1409 4041 1508 4087 xv,
1523 4028 1618 4093 493
