2982 4885
1080 485 1340 536 noman
1384 491 1615 537 mvn.
1959 479 1970 492 “
2236 474 2363 543 255
2393 503 2396 508 ·

1155 676 1485 734 RESPONSI
1493 677 1560 738 0,ss

420 852 621 938 Antea
665 850 932 916 diximus
978 852 1548 940 promptitudinem
1597 852 1791 917 animi
1849 853 2172 933 hominem
2245 859 2365 925 ha-

329 959 484 1042 bere
509 981 542 1023 a
568 972 817 1033 natura,
835 981 1026 1050 quam
1054 981 1305 1050 quoque
1327 957 1500 1024 Deus
1525 957 1808 1044 requirit.
1836 957 2129 1054 Praecipit
2149 963 2360 1055 igitur,

326 1076 400 1152 ut
431 1066 709 1155 primum
744 1063 1107 1153 cognoscat,
1141 1073 1206 1129 et
1236 1087 1384 1128 cum
1419 1062 1734 1152 cognorit,
1765 1057 2007 1153 diligat,
2045 1077 2109 1130 ct
2139 1071 2366 1130 volun-

326 1182 454 1236 tate
484 1170 832 1236 incumbat.
874 1171 955 1236 Ut
1001 1183 1213 1236 autem
1256 1183 1630 1236 exerceatur
1663 1193 1879 1248 mens,
1924 1183 2032 1235 aut
2078 1173 2365 1239 laborem

326 1276 578 1352 toleret,
617 1290 726 1343 aut
757 1298 915 1365 opus
947 1277 1204 1364 aliquod
1234 1274 1544 1364 perficiat,
1583 1275 1779 1364 gratia
1816 1274 2071 1340 Domini
2104 1278 2366 1364 largitur

324 1382 567 1448 volenti
599 1395 665 1446 et
688 1381 995 1447 credenti.
1035 1381 1340 1448 Voluntas
1365 1406 1514 1470 ergo
1546 1381 1820 1448 hominis
1853 1394 1948 1446 est
1980 1385 2151 1456 velut
2181 1382 2363 1470 adju-

327 1485 563 1548 torium
608 1509 642 1548 a
672 1498 897 1548 natura
933 1484 1188 1548 insitum
1229 1508 1243 1548 ε
1285 1487 1545 1552 absente
1578 1509 1728 1551 vero
1768 1489 2124 1560 voluntate,
2159 1511 2367 1584 neque

327 1586 461 1682 ipse
502 1588 673 1654 Deus
706 1586 1030 1675 quippiam
1074 1603 1393 1678 operatur,
1430 1592 1716 1679 quamvis
1759 1591 1993 1682 possit,
2024 1605 2281 1681 propter
2301 1593 2370 1658 li-

326 1693 547 1780 beram
583 1692 884 1758 nimirum
930 1691 1171 1759 arbitrii
1202 1698 1611 1763 voluntatem.
1639 1698 2016 1764 Persectio
1998 1723 2055 1785 ¹5
2039 1700 2188 1763 itur
2213 1722 2369 1787 ope-

256 1839 269 1850 ·
326 1796 411 1862 ris
461 1797 731 1902 Spiritus
782 1798 843 1861 in
895 1800 1218 1864 voluntate
1289 1801 1565 1880 hominis
1620 1803 1734 1867 sita
1789 1816 1903 1868 est.
1948 1799 2255 1879 Rursum,
2315 1803 2366 1869 si

324 1913 523 1988 totam
579 1901 969 1974 voluntatem
1036 1906 1510 1980 concedamuS,
1573 1906 1890 1993 integrum
1953 1929 2114 1994 opus
2180 1906 2366 1970 nobis

324 2004 613 2082 ascribit,
659 2006 963 2071 mirabilis
1024 2007 1128 2071 ille
1181 2009 1352 2073 Deus
1402 2008 1465 2073 in
1521 2008 1841 2084 omnibus,
1891 2022 1955 2073 ct
1996 2008 2104 2106 qui
2154 2008 2366 2074 animo

324 2111 776 2199 comprehendi
808 2108 1066 2176 omnino
1099 2135 1225 2177 non
1257 2125 1469 2200 potest:
1505 2136 1520 2177 z
1558 2137 1674 2178 nos
1708 2115 1997 2179 homines
2028 2127 2177 2179 ver'o
2209 2137 2365 2203 por-

324 2213 674 2277 tinneulam
727 2217 999 2300 aliquam
1047 2217 1437 2280 mirabilium
1470 2216 1613 2302 ejus
1656 2220 1976 2304 explicare
2026 2241 2362 2296 conamur,

323 2315 650 2402 Scriptura
686 2317 839 2388 nixi,
868 2318 1021 2400 quin
1060 2320 1271 2402 potius
1298 2320 1376 2381 ab
1411 2321 1513 2380 illa
1536 2321 1765 2381 edocti.
1795 2348 1820 2378 ι
1843 2320 2002 2396 Quis
2029 2318 2222 2391 enim,
2253 2321 2364 2394 ait,

324 2418 668 2508 »cognovit
721 2440 975 2483 sensum
1024 2419 1315 2482 Domini¹
1340 2420 1414 2481 Ρ»
1446 2420 1588 2506 lpse
1627 2441 1775 2483 vero
1810 2421 1967 2484 dixit
2000 2445 2016 2483 ε
2056 2448 2080 2479 α
2106 2421 2371 2499 Quoties

244 2552 297 2593 ..ν
325 2526 540 2595 »volui
570 2546 956 2617 congregare
988 2521 1151 2603 lilios
1187 2535 1351 2599 tuos,
1388 2534 1451 2593 et
1482 2521 1827 2609 noluistis².
1853 2550 1881 2581 a·
1912 2524 2131 2607 ltaque
2147 2546 2222 2587 ex
2247 2524 2371 2603 boc

324 2635 685 2711 credamus,
715 2633 885 2718 quod
919 2630 1050 2721 ipse
1077 2652 1191 2717 nos
1214 2642 1600 2721 congregat3
1639 2651 1673 2693 a
1704 2627 1893 2693 nobis
1927 2640 2139 2713 autem
2170 2630 2370 2695 solam

323 2735 593 2825 requirit
622 2738 1030 2801 voluntatem.
1079 2736 1238 2815 Quae
1283 2757 1433 2801 vero
1480 2731 1825 2800 voluntatis
1873 2731 1995 2798 erit
2027 2732 2369 2799 declaratio

334 2840 454 2929 ηἰξί
485 2840 667 2919 labor
695 2839 1121 2929 spontaneus?
1164 2890 1169 2896 .

409 2944 537 3031 XI.-
562 2943 1123 3027 Quemadmodum
1155 2942 1325 3010 enim
1361 2940 1628 3021 serrum,
1662 2943 1816 3007 dum
1857 2953 2053 3019 secat,
2099 2940 2358 3029 scindit,

326 3062 484 3133 arat,
522 3049 841 3149 plantat,
825 3073 1032 3147 ipsum
1079 3049 1338 3140 quidem
1372 3061 1686 3137 quatenus
1722 3047 2096 3135 impellitur,
2133 3046 2373 3142 aliquid

323 3154 590 3245 porrigit
627 3179 642 3218 ε
681 3154 839 3227 alius
881 3168 1095 3247 tamen
1127 3166 1245 3243 est,
1282 3153 1390 3249 qni
1438 3165 1652 3219 movet
1682 3163 1746 3218 et
1778 3151 1973 3241 agitat
2006 3152 2271 3249 ferrum,
2307 3165 2374 3221 et

325 3259 436 3341 ubi
477 3254 664 3327 suerit
697 3260 1004 3357 attritum³
1037 3260 1390 3331 inflammat
1426 3275 1623 3349 atque
1657 3272 1941 3329 renovat.
1984 3259 2089 3326 Sic
2120 3282 2375 3347 quoque

323 3362 544 3443 homo,
570 3367 721 3432 licet
752 3381 1079 3456 prematur
1099 3381 1160 3434 et
1185 3370 1460 3443 laboret,
1493 3389 1769 3457 operans
1792 3364 1967 3452 quod
1998 3363 2238 3426 bonum
2255 3374 2374 3451 est,

323 3469 643 3557 Dominus
666 3487 877 3539 tamen
912 3478 1076 3538 clam
1110 3474 1174 3537 in
1208 3475 1340 3559 ipso
1376 3486 1702 3565 operatur,
1737 3483 1804 3533 et
1835 3471 1989 3534 dum
2019 3464 2234 3532 labore
2270 3469 2374 3533 de-

330 3570 629 3659 fatigatur
654 3588 718 3641 et
747 3577 1040 3644 atteritur
1075 3576 1204 3649 ille,
1241 3595 1354 3639 cor
1379 3574 1744 3637 consolatur
1768 3582 1957 3659 atque
1990 3582 2261 3645 recreat,
2298 3581 2374 3651 ut

329 3695 584 3769 quoque
609 3678 923 3769 Propheta
949 3681 1154 3770 inquit
1181 3702 1196 3745 z
1220 3706 1245 3740 ι
1270 3677 1437 3747 Num
1468 3674 1843 3766 gloriabitur
1865 3674 2108 3763 securis
2133 3673 2374 3759 absque

329 3803 357 3840 ι
378 3774 755 3855 scindente?
781 3774 888 3849 aut
930 3785 997 3846 in
1044 3787 1242 3849 altum
1273 3785 1533 3869 tolletur
1570 3802 1742 3848 serra
1771 3779 1905 3846 sine
1925 3777 2222 3845 trahente
2243 3774 2262 3809 ⁸
2284 3772 2354 3840 Ρ»

401 3911 629 4047 ‘’algpr.
655 3915 821 4045 u,⁵16,
843 3924 895 3971 et
919 3916 1061 3970 Rom.
1096 3933 1168 3978 ιι,
1189 3919 1269 3981 34.
1303 3945 1367 3961 -
1392 3934 1415 3961 ·
1442 3917 1624 3976 Βοιὼ.
1652 3931 1800 3977 xxm,
1835 3914 1918 3981 37,
1940 3920 1991 3968 et
2011 3911 2136 3969 Luc.
2157 3927 2268 3980 xm,
2289 3909 2375 3976 3⁴·

333 4017 398 4034 -
576 4028 590 4044 .
612 4009 665 4059 x,
693 4009 712 4047 ι
752 4027 772 4050 .
