2982 4885
669 507 797 609 14³4
1345 539 1396 584 s.
1448 517 1734 586 melan*
1757 517 2028 584 &dtr-m

661 670 895 732 bouem
926 654 1196 748 Spiritus
1225 655 1425 721 sancti
1446 706 1466 736 ,
1501 658 1658 723 dum
1689 679 1727 721 e
1764 676 2034 745 corpore
2070 644 2380 728 discedisg
2423 643 2696 717 animam

662 772 798 836 b'aec
828 776 1004 830 tuam
1040 759 1622 850 comprehendunt,
1654 783 1778 826 nee
1825 764 1910 826 ad
1956 762 2149 825 coelos
2197 756 2313 821 tibi
2365 763 2695 821 ascensum

664 873 1042 941 concedunt.
1080 867 1307 933 Itidem
1332 869 1412 932 de
1444 867 1749 954 dignitate
1784 865 2009 930 animae
2033 863 2141 928 ubi
2173 860 2469 954 audieris,
2507 880 2696 949 quam

661 980 960 1071 praeclara
985 975 1064 1040 sit
1087 971 1433 1039 substantia
1458 972 1564 1037 illa
1588 972 1918 1036 intellectu
1933 967 2219 1059 praedita,
2239 988 2365 1032 non
2381 964 2692 1053 intelligis,

662 1084 837 1170 quod
864 1081 1034 1146 Deus
1058 1099 1186 1142 non
1223 1076 1302 1141 de
1325 1075 1581 1164 Angelis
1602 1126 1620 1151 ,
1658 1078 1770 1140 sed
1801 1077 1881 1140 de
1912 1087 2131 1139 natura
2163 1072 2441 1137 humana
2476 1067 2696 1133 dixerit

663 1189 821 1254 illud
844 1211 858 1249 ε
882 1212 908 1246 ι
925 1183 1259 1252 Faciamus
1272 1183 1352 1246 ad
1367 1180 1709 1269 imaginem
1730 1192 1796 1245 et
1814 1176 2289 1246 similitudinem
2304 1172 2609 1240 nostram¹
2622 1222 2641 1249 ‚
2655 1199 2681 1234 ι

664 1304 729 1358 et
762 1289 935 1378 quod
965 1288 1196 1353 coelum
1225 1298 1289 1351 et
1320 1297 1487 1350 terra
1529 1297 1853 1350 transeant
1873 1332 1891 1358 ,
1927 1296 1997 1348 tu
2027 1303 2179 1347 vero
2214 1283 2296 1347 ad
2327 1276 2698 1344 immortali·

667 1407 863 1464 tatem
894 1406 1153 1462 vocatus
1189 1392 1303 1467 sis,
1323 1382 1409 1459 ‘ut
1442 1392 1525 1457 sis
1555 1389 1756 1466 filius,
1798 1391 1992 1456 frater
2031 1403 2095 1456 et
2125 1410 2350 1478 sponsa
2391 1384 2598 1474 regis?
2625 1383 2699 1448 ln

663 1505 855 1570 rebus
876 1501 1070 1576 enim,
1100 1489 1238 1587 quie
1278 1498 1343 1562 in
1376 1498 1501 1563 hoc
1535 1499 1766 1564 saeculo
1796 1498 2116 1571 videntur,
2156 1494 2366 1560 omnia
2385 1513 2518 1580 quae
2551 1500 2701 1555 sunt

666 1607 874 1698 sponsi
911 1607 992 1671 ad
1021 1625 1316 1693 sponsam
1341 1603 1701 1691 pertinent;
1728 1604 1817 1669 sic
1842 1625 2096 1690 quoque
2118 1601 2329 1667 omnia
2350 1648 2366 1672 ,
2394 1618 2533 1685 quae
2556 1604 2702 1659 sunt

663 1713 954 1789 Domini,
991 1723 1187 1798 quant
1222 1721 1458 1797 quanta
1483 1711 1633 1787 sint,
1661 1709 2000 1776 committit
2025 1708 2128 1771 ille
2161 1718 2284 1769 tuae
2314 1702 2483 1766 fidei.
2516 1697 2705 1767 Venit

667 1820 836 1885 enim
871 1819 1003 1905 ipse
1027 1818 1109 1881 ad
1140 1816 1523 1905 legationem
1557 1814 1647 1877 tui
1679 1832 1864 1874 causa
1898 1808 2291 1875 obeundam,
2334 1815 2407 1866 ut
2436 1815 2499 1867 te
2530 1822 2710 1868 revo—

668 1934 860 1989 caret.
914 1920 1012 1987 Tu
1047 1943 1200 1987 vero
1224 1920 1381 1986 nihil
1409 1912 1732 1999 intelligis,
1763 1930 1965 1992 neque
1993 1904 2268 1992 percipis
2300 1901 2712 1970 nobilitatem

671 2050 744 2094 ac
763 2027 1184 2119 praestantiam
1204 2038 1374 2091 tuam
1387 2045 1406 2093 ;
1434 2040 1507 2082 ac
1541 2015 1766 2079 merito
1793 2032 1942 2097 ergo
1961 2010 2248 2095 deplorat
2263 2028 2483 2074 casum
2518 2018 2708 2074 tuum

669 2133 774 2212 ille
799 2132 1037 2223 Spiritu
1061 2134 1311 2218 plenus,
1338 2118 1624 2204 inquiens
1655 2140 1670 2178 ε
1703 2143 1729 2176 ι
1749 2116 1954 2182 Homo
1978 2135 2128 2178 cum
2152 2112 2217 2179 in
2242 2111 2487 2177 honore
2509 2125 2702 2188 esset,

667 2270 695 2303 n
715 2264 843 2308 non
877 2231 1219 2305 intellexit:
1261 2235 1661 2312 comparatus
1692 2236 1788 2289 est
1816 2220 2121 2312 jumentis
2153 2213 2569 2308 insipentibus
2588 2269 2605 2294 ,
2637 2232 2705 2284 et

670 2373 695 2408 ι
715 2343 928 2412 similis
956 2338 1155 2400 sactus
1182 2340 1277 2393 est
1301 2327 1482 2396 illis².
1517 2356 1542 2391 ι
1574 2328 1789 2397 Gloria
1816 2327 1986 2396 Patri
2008 2338 2074 2392 et
2102 2324 2267 2393 Filio
2285 2372 2305 2401 ,
2339 2335 2405 2390 et
2435 2322 2699 2412 Spiritui

677 2458 890 2520 sancto
919 2440 985 2504 in
1009 2438 1260 2506 saeculu.
1300 2435 1527 2506 Amen.
1865 2431 1872 2438 ’

661 2687 840 2713 mm„
848 2683 1493 2711 mmmmm
1499 2684 1834 2708 mmmm
1841 2677 2606 2706 §mmmmm-mm
2613 2674 2698 2699 Μ

1238 2828 1249 2835 ’
1343 2867 1740 2940 HOMILIA
1786 2864 2015 2940 xvn.

657 3121 776 3192 De
823 3109 1181 3216 ¹spirituali
1216 3109 1788 3185 Christianorum
1829 3113 2168 3183 unctione·
2210 3121 2280 3179 et
2297 3104 2541 3205 gloria
2569 3131 2593 3174 .·
2620 3116 2700 3176 et
2803 3184 2818 3193 h

752 3228 951 3331 quod
964 3228 1243 3327 absque
1271 3226 1555 3298 Christo
1581 3225 1885 3314 salvari,
1936 3240 2064 3297 aut
2087 3226 2315 3297 vitam
2341 3237 2691 3295 aetemam

678 3384 684 3399 ·
755 3345 1096 3442 consequi
1127 3338 1564 3440 impossibile
1591 3341 1702 3411 sic.
2235 3344 2242 3349 ’

745 3574 813 3651 Ι.1
854 3552 1227 3649 Cnms‘fum
1272 3576 1573 3666 perfecti,
1622 3574 1732 3662 qui
1783 3568 2320 3662 dignihabentur
2378 3568 2688 3657 attingere

654 3691 926 3781 'gradum
951 3683 1379 3778 perfectionis,
1414 3704 1487 3747 ac
1512 3668 1651 3745 fieri
1670 3679 1803 3765 regi
1819 3677 2091 3773 proximi
2110 3726 2127 3751 ‚
2160 3670 2422 3741 hi'cruci
2451 3671 2686 3740 Christi

651 3808 962 3888 perpetuo
990 3790 1335 3859 consecrati
1357 3800 1520 3853 sunt.
1556 3785 2114 3864 Quemadmodum
2149 3781 2316 3847 enim
2335 3778 2686 3867 Propheta-

654 3894 799 3967 rum
836 3897 1224 3988 temporibus
1258 3892 1475 3958 unctio
1510 3900 1654 3953 erat·
1677 3908 1779 3955 res
1810 3887 2069 3955 omnino
2090 3886 2403 3976 pretiosa,
2437 3902 2585 3952 cum
2617 3882 2684 3950 in

714 4052 732 4078 ⁰
761 4039 886 4092 Gen.
908 4016 1054 4103 ι,’26.
1074 4059 1132 4074 -
1162 4047 1182 4073 ²
1209 4027 1338 4083 psal.
1357 4040 1532 4085 xcvnt,
1557 4039 1639 4087 n,
