2982 4885
1048 548 1307 605 nomm
1349 544 1539 604 xxm.
2182 532 2311 622 ως

281 701 565 777 gressum
603 671 841 746 faciunt
863 725 883 753 ,
929 678 1041 743 sed
1077 689 1304 742 natura
1340 674 1625 764 abjectos
1654 687 1719 742 et
1756 677 2019 751 infames
2049 708 2115 753 se
2146 686 2312 780 ipso·

281 798 594 879 reputent.
639 780 857 874 ltaque
897 804 1045 849 cum
1077 784 1247 871 apud
1276 782 1482 848 Deum
1515 785 1801 872 praeclari
1842 789 2002 867 sint,
2038 801 2207 884 apud
2248 824 2317 868 se

280 896 449 983 ipsos
479 915 605 958 non
628 901 819 957 sunt:
850 911 1162 977 cumque:
1190 887 1312 953 sint
1352 888 1418 952 in
1449 910 1788 977 progressu
1818 903 1884 957 et
1913 897 2133 964 notitia
2168 901 2337 981 Dei,

280 997 542 1089 perinde
580 1007 764 1071 sunt,
811 1016 884 1059 ac
929 993 980 1061 si
1017 992 1144 1059 sint
1184 991 1473 1057 omnium
1522 1016 1740 1058 rerum
1788 994 2030 1084 ignari:
2057 1015 2123 1067 et
2152 1008 2323 1093 apud

281 1102 487 1171 Deum
518 1123 668 1166 cum
693 1100 1207 1186 sintlocupletes,
1244 1099 1412 1188 apud
1444 1122 1512 1164 se
1540 1111 1690 1164 sunt
1717 1122 2046 1189 pauperes.
2079 1105 2323 1185 Quem-

169 1262 174 1266 .
287 1209 630 1274 admodum
664 1217 878 1272 autem
910 1202 1224 1279 Christus,
1269 1231 1294 1263 ι
1325 1202 1594 1292 Sumpta
1629 1203 1792 1269 servi
1833 1204 2106 1286 sorma¹,
2138 1239 2164 1273 ι
2206 1235 2322 1302 per

265 1312 712 1379 'bumilitatem
753 1310 907 1377 vicit
950 1308 1317 1375 diabolum:
1357 1309 1446 1375 sic
1491 1308 1671 1375 initio
1712 1332 1971 1401 serpens
2002 1330 2118 1402 per
2144 1340 2322 1388 arro-

291 1419 564 1506 gantiam
605 1428 669 1482 et
697 1414 930 1481 fastum
969 1414 1284 1482 subvertit
1324 1409 1664 1482 Adamum.
1708 1413 1892 1486 Nunc
1930 1441 2185 1509 quoque
2219 1425 2325 1493 illo

182 1598 188 1605 ,
290 1522 422 1611 ipse
445 1543 728 1608 serpens,
759 1520 827 1583 in
853 1517 1259 1584 interioribus
1289 1521 1501 1586 cordis
1530 1520 1884 1586 recessibus
1914 1523 2187 1605 abditus,
2213 1551 2328 1616 per

287 1625 655 1716 superbiam
672 1621 942 1688 destruit
973 1643 1046 1688 ac
1073 1623 1358 1689 dissolvit
1385 1647 1588 1713 genus
1617 1623 2140 1695 Christianorum.

375 1730 479 1797 vl.
527 1727 1090 1808 Quemadmodum
1122 1727 1294 1792 enim
1332 1727 1383 1793 si
1419 1728 1568 1816 quis
1611 1730 1692 1795 sit
1725 1729 1891 1795 liber
1918 1752 1992 1796 ac
2022 1733 2333 1821 ingenuus

287 1837 354 1903 in
384 1837 647 1909 mundo,
674 1855 747 1898 ac
780 1854 1040 1920 magnas
1071 1831 1388 1920 possideat
1416 1855 1611 1923 opes3
1650 1834 1910 1922 insuper
1932 1837 2171 1907 reditus
2190 1862 2332 1928 per-

289 1942 515 2031 cipiat,
559 1951 624 2005 et
677 1938 920 2004 fructus
957 1937 1250 2026 colligam
1291 1936 1396 2003 ille
1427 1961 1661 2004 vesana
1694 1940 1968 2027 quadam
1998 1941 2333 2011 insolentia

265 2047 575 2131 effertur,
614 2056 802 2132 atque
833 2041 900 2107 in
939 2065 1006 2108 se
1036 2041 1173 2131 ipso
1215 2039 1530 2115 fiduciam
1582 2044 1796 2110 locat:
1825 2067 2102 2136 cumque
2142 2047 2225 2115 sit
2246 2051 2336 2118 in·

290 2148 665 2225 tolerabilis,
694 2168 917 2214 omnes
949 2148 1124 2213 calce
1153 2148 1336 2236 petit,
1375 2161 1441 2214 et
1483 2149 1770 2239 colaphis
1799 2149 1994 2218 aflicit
2022 2176 2039 2217 ι
2066 2153 2153 2220 ita
2181 2168 2329 2225 sunt

287 2256 581 2345 quidam,
615 2254 789 2318 nulla
837 2251 1221 2315 discretione
1257 2248 1545 2337 proediti,
1600 2255 1711 2340 qui
1745 2258 2074 2340 paululum
2104 2261 2335 2346 quietis

292 2383 366 2426 ac
390 2354 771 2447 precationis
801 2353 998 2426 nacti,
1023 2352 1341 2438 incipiunt
1386 2356 1545 2417 altos
1601 2356 1721 2419 sibi
1757 2379 2007 2424 sumere
2050 2362 2329 2451 spiritus,

292 2458 623 2529 insolentia
654 2455 889 2531 efferri,
914 2467 1104 2540 atque
1145 2454 1299 2518 alios
1337 2454 1731 2541 dijudicare:
1761 2471 1949 2544 atque
1989 2463 2114 2527 hoc
2140 2469 2332 2533 modo

296 2567 680 2633 delabuntur
704 2561 766 2625 in
799 2556 1289 2649 profundissima
1315 2569 1517 2623 terrae.
1557 2560 1671 2625 Ille
1690 2560 1861 2626 enim
1883 2562 2015 2652 ipse
2046 2588 2328 2655 serpens,

297 2672 405 2760 qui
456 2662 818 2735 deturbavit
858 2665 1063 2733 Adam
1109 2685 1225 2752 per
1274 2666 1731 2754 arrogantiam,
1766 2668 2025 2736 dicens:
2084 2700 2109 2732 ι
2143 2674 2332 2745 Eritis

298 2778 510 2844 »sicut
560 2774 714 2841 dii²:
742 2802 768 2836 ι
813 2773 946 2862 ipse
978 2794 1149 2837 nunc
1183 2793 1436 2860 quoque
1477 2772 1543 2837 in
1576 2771 1873 2840 cordibus
1916 2782 2191 2868 suggerit
2230 2806 2334 2850 ar-

301 2869 649 2972 rogantiam
672 2928 689 2954 ,
724 2869 1059 2966 inquiens':
1092 2904 1117 2935 α
1145 2875 1469 2942 Perfectus
1517 2900 1619 2954 es,
1672 2878 1904 2946 suflicit
1949 2882 2096 2961 tibi,
2128 2886 2333 2955 sactus

302 3012 413 3053 »es
463 2988 783 3075 locuples»,
831 2984 1065 3049 nullius
1115 2981 1396 3071 indiges,
1440 2983 1667 3049 heatus
1718 3008 1804 3051 es.
1838 3012 1864 3047 ι
1909 2987 2047 3054 Non
2107 2993 2334 3062 desunt

306 3093 405 3159 alii
449 3117 627 3160 more
673 3077 919 3166 saeculi‘,
956 3089 1066 3177 qui
1105 3088 1333 3177 opibus
1370 3089 1628 3177 quidem
1661 3091 1812 3155 dum
1845 3096 2125 3182 opulenti
2156 3111 2327 3177 sunt,

306 3219 459 3286 quas
488 3223 564 3263 ex
597 3197 805 3262 nimiis
842 3193 1165 3262 fructuum
1194 3194 1502 3261 reditibus
1535 3199 1980 3275 accumulant,
2007 3205 2335 3272 continent

308 3327 372 3370 se
404 3305 570 3393 ipsos
605 3303 666 3366 in
709 3300 1112 3376 discretione,
1154 3323 1271 3366 nec
1310 3300 1684 3389 gloriantur,
1713 3301 2336 3391 nequefoffemntun

307 3412 416 3473 sed
456 3411 603 3473 s‘unt
642 3406 808 3495 aequi
841 3432 858 3470 ε
891 3417 1128 3470 norunt
1178 3404 1347 3469 enim
1396 3419 1542 3492 post
1594 3407 1948 3472 ubertatem
2003 3422 2334 3486 venturam

313 3513 722 3578 sterilitatem.
763 3510 844 3575 Et
867 3513 1079 3575 denuo
1105 3508 1216 3571 ubi
1245 3509 1306 3570 in
1334 3509 1637 3573 damnum
1670 3522 1734 3575 et
1774 3509 2161 3577 sterilitatem
2187 3515 2339 3582 inci-

315 3616 558 3688 derent,
596 3638 722 3679 non
756 3614 1117 3680 afficiuntur
1153 3608 1429 3686 tristitia,
1464 3613 1577 3676 sed
1611 3614 1772 3700 aequi
1816 3626 2145 3679 remanent
2158 3641 2177 3691 ;
2219 3642 2338 3683 no-

313 3709 467 3784 runt
519 3718 688 3782 enim
738 3721 943 3782 denuo
988 3740 1425 3784 successuram
1480 3707 1864 3793 ubertatem,
1898 3730 1964 3781 et
2002 3718 2064 3783 in
2108 3719 2205 3786 his
2245 3735 2344 3789 ut-

316 3822 667 3915 plurimum
714 3823 1061 3897 exercitati,
1103 3823 1260 3889 nihil
1301 3823 1618 3915 peregrini
1653 3823 1801 3913 ipsis
1838 3824 2100 3903 accidit,
2136 3848 2343 3917 neque

386 4011 401 4056 ,¹
426 3996 606 4065 Philip.
628 4012 685 4054 ιι,
709 4011 761 4062 7.
781 4020 852 4070 x—
880 4008 904 4035 ⁸
924 3992 1050 4048 Gen·
1074 4011 1152 4059 ιιι,
1172 3998 1219 4047 ⁵.
