2982 4885
1095 502 1353 556 notum
1399 502 1483 555 tv.
2220 490 2310 581 47

272 620 627 695 secundum
674 624 843 692 idem
885 623 1178 691 dietum
1215 626 1516 708 «Quanto
1557 625 1757 717 magis
1796 623 1984 693 Pater
2033 624 2309 695 eoelestis

275 761 301 796 ι
320 733 508 799 lhciet
535 732 879 798 vindictam
906 732 1321 799 clamantium
1351 735 1432 799 ad
1462 755 1530 799 se
1560 733 1662 799 die
1687 755 1758 798 ac
1780 742 1991 797 nocte.
2015 756 2042 792 ι
2061 730 2141 796 Et
2165 732 2312 797 sub-

278 840 394 915 dit,
431 840 681 915 dicens,
719 864 745 900 ι
782 838 971 905 Certo
1002 839 1146 904 dico
1178 840 1381 916 vobis,
1423 839 1551 906 cito
1581 839 1766 906 faciet
1795 839 2140 905 vindictam
2169 839 2314 904 illo-

278 942 525 1007 »rumk
556 969 582 1004 ι
620 942 701 1008 Et
740 965 993 1008 rursum
1040 944 1187 1010 alibi
1237 942 1648 1011 adhortatur:
1691 943 1936 1011 «Petite
1964 952 2032 1008 et
2059 943 2317 1009 dabitur

277 1049 516 1113 nobis.
572 1048 797 1114 Omnis
836 1050 1007 1114 enim
1037 1050 1145 1136 qui
1180 1050 1363 1139 petit,
1400 1051 1657 1140 accipit,
1693 1062 1757 1116 et
1786 1049 1897 1137 qui
1929 1047 2177 1136 quaerit,
2212 1049 2314 1114 in-
2423 1061 2432 1065 ’

275 1180 304 1216 ι
322 1154 517 1229 venit,
541 1165 608 1219 et
629 1155 903 1243 pulsanti
932 1153 1307 1243 aperietur-².
1332 1183 1358 1216 ι
1376 1155 1458 1221 Et
1478 1158 1741 1245 paulum
1765 1176 2134 1245 progressus
2155 1155 2315 1219 sub-

277 1255 416 1344 jicit
437 1281 452 1323 ε
477 1284 501 1317 ι
525 1258 782 1338 Quanto
812 1259 1010 1347 magis
1037 1259 1222 1325 Pater
1252 1271 1459 1326 vester
1489 1261 1765 1327 coelestis
1803 1260 1982 1326 dabit
2009 1256 2319 1346 Spiritum

280 1390 306 1425 ι
325 1376 616 1429 sanetum
661 1365 1071 1453 poscentibus
1113 1387 1281 1437 eum.
1337 1365 1543 1433 Amen
1588 1366 1733 1431 dico
1785 1367 1988 1440 vobis,
2042 1366 2155 1432 etsi
2191 1386 2321 1429 non

283 1494 309 1529 ι
329 1467 505 1534 dabit
533 1469 663 1545 illi,
694 1492 770 1535 eo
803 1472 978 1557 quod
1009 1470 1247 1535 amicus
1276 1469 1394 1544 sit.
1434 1483 1697 1558 propter
1726 1470 2191 1558 impudentiam
2220 1480 2320 1534 ta-

286 1598 312 1631 »
330 1594 479 1641 men
507 1573 647 1659 ejus
677 1585 916 1657 surget,
944 1584 1008 1635 et
1031 1574 1207 1637 dabit
1229 1585 1540 1657 quantum
1561 1594 1722 1658 opus
1743 1572 1938 1637 habet
1953 1573 2002 1643 ⁸,
2040 1599 2068 1633 ι

376 1673 645 1747 XXVII.
696 1672 955 1762 Absque
976 1674 1220 1762 pudore
1239 1673 1456 1761 igitur,
1483 1673 1912 1747 indesinenter
1925 1686 1991 1741 et
2004 1673 2326 1751 indefense

289 1792 361 1849 ut
382 1791 673 1877 petamus
705 1781 787 1844 ab
811 1800 888 1844 eo
921 1780 1158 1847 donum
1180 1778 1419 1867 gratiae,
1446 1778 1623 1849 hisce
1643 1781 1939 1849 omnibus
1962 1780 2327 1853 exhortatus

286 1896 400 1950 est.
430 1882 696 1979 Propter
718 1898 1088 1975 peccatores
1105 1882 1276 1949 enim
1292 1884 1484 1958 venit,
1504 1898 1574 1950 ut
1594 1898 2038 1951 converterent
2062 1909 2129 1952 se
2156 1888 2235 1957 ad
2255 1886 2324 1951 il-

287 1990 448 2063 lum,
468 1998 533 2054 et
554 2002 809 2056 curaret
839 1990 1172 2057 credentes
1191 1989 1327 2080 ipsi.
1354 1988 1544 2057 Modo
1562 2013 1678 2056 nos
1699 1988 1814 2081 ipsi
1835 1989 2062 2056 amalis
2085 2012 2329 2079 praeoc-

290 2095 746 2194 cupationibus*
764 2096 1220 2173 abstineamus„
1253 2095 1653 2185 quantumin
1681 2095 1920 2162 viribus
1951 2094 2181 2161 nostris
2206 2106 2326 2169 est,

291 2212 355 2265 et
377 2201 522 2297 odio
548 2224 1008 2290 prosequamur
1035 2226 1227 2292 opera
1257 2205 1420 2269 mala
1439 2252 1457 2279 ,
1502 2215 1567 2269 et
1595 2203 1819 2269 mundi
1849 2202 2112 2267 technas
2140 2212 2331 2293 atque

292 2302 614 2392 improbos
646 2329 717 2371 ae
748 2330 942 2372 vanos
974 2330 1296 2372 sermones
1330 2306 1809 2381 abhorreamus,
1860 2314 1925 2371 et
1967 2327 2086 2394 per
2112 2306 2328 2370 omnia

294 2408 379 2484 ei,
418 2419 727 2495 quantum
756 2407 893 2472 lieri
928 2398 1158 2497 potest,
1177 2411 1663 2507 agglutinemur.
1692 2410 1835 2500 lpse
1857 2410 2115 2497 quidem
2137 2431 2330 2499 para-

296 2525 402 2579 tus
443 2524 544 2577 est
586 2510 886 2575 exhibere
932 2510 1117 2574 nobis
1163 2533 1350 2575 suum
1398 2511 1718 2574 auxilium.
1778 2512 2116 2608 Propterea
2160 2516 2331 2579 enim

297 2615 658 2684 misericors
687 2626 804 2691 est,
838 2613 1161 2681 vivificans
1192 2628 1257 2681 et
1284 2637 1512 2681 sanans
1537 2612 1903 2681 affectiones
1927 2613 2331 2692 incurabiles,

298 2735 366 2790 et
396 2721 889 2814 redemptionem
931 2720 1165 2787 faciens
1198 2721 1295 2798 iis,
1330 2722 1440 2809 qui
1474 2721 1773 2787 invocant
1804 2741 1982 2796 eum,
2016 2733 2081 2788 et
2114 2721 2226 2809 qui
2259 2723 2339 2791 ad

300 2848 450 2894 eum
496 2827 806 2900 conversi,
855 2827 933 2893 ab
971 2827 1147 2893 omni
1195 2825 1536 2895 dilectione
1566 2826 1814 2905 mundi,
1861 2841 2169 2916 quantum
2201 2826 2341 2910 fleri

301 2945 547 3024 potest,.
575 2945 799 3021 sponte
844 2946 910 2999 et
953 2935 1304 3000 voluntarie
1346 2938 1685 3012 recedunt,
1723 2935 1963 3023 quique
1989 2946 2271 2999 mentem
2305 2958 2339 3000 a

304 3035 570 3104 terrenis
598 3038 979 3105 abstractam
1014 3041 1094 3106 ad
1119 3062 1272 3104 eum
1300 3052 1447 3105 voto
1478 3052 1544 3106 et
1577 3040 1887 3106 desiderio
1919 3038 2331 3130 suspendunt.

305 3143 634 3232 Ejusmodi
674 3143 883 3210 anima
925 3143 1064 3232 ejus
1109 3144 1337 3210 auxilio
1386 3143 1573 3234 digna
1617 3144 1913 3224 habetur,
1960 3161 2099 3233 quae
2128 3143 2341 3210 omnia

307 3271 422 3340 pro
454 3248 788 3339 superfluis
820 3249 1155 3327 existimat,
1192 3263 1256 3317 et
1288 3249 1352 3316 in
1383 3252 1557 3317 nulla
1601 3274 1671 3317 re
1697 3251 2019 3317 mundana
2059 3250 2345 3338 acquies-

310 3355 428 3431 cit3
460 3358 571 3421 sed
597 3369 887 3444 expectat
916 3356 980 3422 in
1011 3355 1230 3446 requie
1252 3356 1660 3448 benignitatis
1683 3355 2083 3444 requiescere
2110 3368 2175 3421 et
2198 3378 2344 3444 gau-

313 3462 462 3527 dere
490 3486 509 3525 t
551 3472 616 3525 et
656 3461 745 3525 sie
782 3484 897 3550 per
932 3460 1299 3550 hujusmodi
1337 3460 1532 3528 fidem
1564 3464 1821 3529 eoeleste
1857 3461 2096 3526 donum
2127 3480 2346 3528 conse-

311 3578 485 3642 cuta,
538 3586 732 3634 omne
775 3587 966 3631 suum
1025 3544 1410 3631 desiderium
1452 3567 1523 3631 in
1564 3569 1752 3656 plena
1789 3562 1918 3631 fide
1945 3587 2061 3653 per
2084 3565 2348 3653 gratiam

318 3672 618 3748 collocat,
674 3682 739 3736 et
793 3670 1069 3758 denique
1125 3691 1408 3758 congrue
1468 3682 1533 3735 et
1585 3670 2038 3736 convenienter
2088 3668 2352 3757 Spiritui

320 3783 540 3837 saneto
566 3774 880 3842 ministrat
900 3825 917 3850 ‚
950 3775 1237 3864 quotidie
1271 3773 1557 3841 bonitate
1584 3774 1838 3863 prolicit
1855 3824 1872 3851 ,
1896 3774 2088 3861 inque
2109 3774 2206 3838 via
2229 3772 2358 3859 jus·

321 3877 478 3946 titiae
523 3887 922 3966 perseverans
974 3883 1036 3947 in
1088 3893 1494 3972 perpetuum,
1544 3880 1625 3945 ad
1664 3881 1914 3946 malitiae
1959 3899 2189 3969 genera
2224 3897 2357 3944 non

392 4029 409 4056 ¹
436 4017 560 4070 Luc.
586 4030 731 4074 xvm,
756 4032 807 4079 7,
828 4018 960 4068 8.-
983 4036 1005 4060 ι
1026 4018 1206 4074 Matth.
1235 4037 1327 4079 vn,
1349 4037 1404 4086 7,
1420 4015 1467 4070 8.
1489 4044 1552 4057 -—
1579 4015 1738 4069 ³Luc.
1764 4032 1837 4075 xl,
1850 4031 1901 4082 9,
1931 4032 2004 4068 ιο.
