2982 4885
530 594 535 601 .
590 537 732 622 '468
1263 553 1505 613 ancum
1551 552 1942 595 omnm-ruis.

596 672 1004 767 semperfferit⁹
1025 671 1100 737 ad
1122 673 1552 760 praestandum
1570 669 1780 734 abbati
1801 670 2118 746 solatium,
2140 673 2239 737 vel
2257 672 2634 759 obsequium

593 780 1071 850 advenientibus
1097 775 1394 840 fratribus
1409 801 1427 848 ς
1457 787 1523 839 et
1550 775 1628 839 ad
1655 774 2133 861 procedendum
2163 776 2272 841 ubi
2298 778 2635 845 necessitas

595 866 953 952 eommunis
984 881 1283 970 exegerit,
1315 893 1505 968 atque
1533 879 1920 967 diligentiam
1949 880 2118 946 circa
2143 883 2357 948 omnia
2392 904 2530 971 quae
2547 886 2630 951 ad

592 991 1024 1080 quotidianam
1061 986 1411 1051 custodiam
1443 996 1508 1047 et
1532 984 2074 1049 conversationem
2101 987 2462 1052 monasterii
2494 1010 2627 1075 per-

590 1100 801 1165 tinent
830 1095 1292 1167 adhibendam3
1335 1103 1404 1155 ut
1438 1112 1860 1177 quaecumque
1893 1092 1971 1155 ad
2009 1092 2386 1179 obsequium
2421 1115 2629 1157 usum.

591 1226 719 1291 que
748 1199 1108 1266 monasterii
1151 1196 1439 1261 facienda
1479 1208 1659 1271 sunt,
1699 1195 1835 1260 sine
1872 1197 2245 1284 negligentia
2278 1211 2342 1262 et
2372 1200 2627 1284 querela

581 1308 842 1375 faciant.
895 1304 1070 1371 Alius
1113 1325 1264 1368 cum
1310 1300 1612 1367 fratribus
1659 1301 1817 1375 erit'‚
1861 1313 2152 1389 tempore
2186 1326 2296 1366 suo
2340 1302 2625 1366 exiturus

587 1437 740 1479 cum
764 1412 911 1501 ipsis
945 1411 1023 1473 ad
1059 1409 1271 1472 omnia
1304 1430 1494 1494 opera
1526 1419 1591 1470 et
1623 1428 1880 1470 omnem
1912 1408 2376 1480 necessitatem,
2403 1404 2624 1494 provi-

592 1521 750 1586 dens
770 1541 867 1584 ·ne
902 1515 1055 1604 quid
1085 1527 1305 1580 contra
1341 1514 1738 1602 disciplinam
1771 1511 2020 1597 faciant.
2063 1514 2192 1592 Qui
2223 1512 2631 1577 considerans

584 1649 808 1691 omnes
833 1638 1009 1689 actus
1039 1623 1431 1709 singulorum
1451 1668 1468 1693 ,
1499 1621 1547 1683 si
1588 1641 1710 1705 qua
1754 1631 1974 1682 contra
2007 1617 2320 1682 rationem
2346 1619 2513 1682 sacta
2540 1617 2631 1681 vi-

601 1729 790 1804 derit,
826 1731 923 1795 vel
960 1751 1071 1816 per
1105 1750 1170 1791 se
1194 1725 1516 1798 emendet,
1553 1726 1649 1787 vel
1682 1720 1895 1786 abbati
1918 1722 2170 1787 indicet.

680 1835 787 1898 111.
839 1834 949 1897 Ille
987 1852 1133 1895 vero
1180 1829 1289 1916 qui
1337 1831 1690 1892 secundum
1742 1827 2028 1892 ordinem
2072 1826 2419 1914 disciplinae
2454 1825 2629 1890 ordi-

590 1936 849 2005 natione
880 1934 1126 2001 abbatis
1167 1954 1246 1997 ex
1278 1931 1543 1996 consilio
1584 1945 1648 1996 et
1682 1935 2006 1998 voluntate
2051 1933 2332 1997 omnium
2362 1932 2620 1995 fratrum

588 2041 894 2110 fratribus
937 2036 1308 2127 prmpositus
1342 2048 1438 2100 eat
1462 2086 1478 2109 ,
1524 2032 1782 2105 omnem
1829 2041 1912 2102 ad
1950 2060 2017 2102 se
2060 2058 2272 2102 curam
2313 2037 2390 2100 de
2432 2034 2619 2100 disci-

591 2145 1062 2238 plinabatrum
1092 2153 1157 2207 et
1192 2141 1578 2230 diligentiam
1607 2144 1976 2209 monasterii
2006 2142 2356 2217 revocabit,
2386 2141 2626 2207 babens

590 2262 1005 2342 potestatem,
1051 2248 1281 2313 abbate
1327 2248 1624 2324 absente,
1685 2248 1954 2315 taciendi
1997 2249 2209 2314 omnia
2257 2271 2398 2335 quae
2442 2248 2630 2312 abbas

588 2380 870 2449 praesens
914 2355 1084 2422 saeit.
1150 2355 1263 2420 Ille
1318 2368 1534 2420 autem
1583 2338 1991 2446 patientiam,
2045 2355 2629 2429 mansuetudinem.

504 2503 517 2512 ι
593 2463 1057 2538 humilitatem‚'
1104 2461 1527 2536 charitatem,
1583 2462 1983 2551 aequitatem,
2042 2462 2176 2526 sine
2221 2483 2631 2550 personarum

592 2567 970 2655 acceptione
1001 2566 1317 2638 servabit3
1352 2565 1436 2629 ita
1482 2589 1702 2653 agens,
1739 2580 1812 2631 ut
1843 2589 1959 2632 nec
1992 2567 2204 2631 abbati
2234 2567 2493 2633 taedium
2524 2588 2632 2654 ge—

594 2685 801 2748 neret,
829 2694 948 2737 nec
970 2671 1195 2735 fratres
1221 2671 1706 2759 intemperantia
1729 2672 1895 2737 illius
1918 2672 2227 2739 laborent.
2251 2673 2400 2737 Haec
2417 2672 2632 2737 obser-

590 2779 767 2856 vabit
796 2775 1006 2841 senior
1039 2776 1402 2840 monasterii
1436 2776 1551 2864 qni
1589 2777 1883 2842 fratribus
1909 2778 2278 2866 praepositus
2308 2791 2440 2853 est,
2472 2775 2629 2841 rese-

595 2903 744 2950 rens
793 2880 874 2945 ad
924 2879 1222 2945 abbatem
1266 2880 1510 2955 omnia,
1555 2882 1657 2948 vel
1685 2881 2021 2971 praecipue
2066 2882 2204 2956 illa,
2246 2903 2388 2968 quae
2423 2903 2535 2969 per
2562 2902 2626 2943 se

592 3009 727 3055 non
758 2985 1023 3050 valuerit
1054 2985 1390 3073 explicare.

687 3090 792 3157 lv.
834 3088 1367 3158 commendatum
1392 3093 1650 3180 aliquod
1675 3095 1865 3159 etiam
1890 3118 1922 3159 a
1949 3117 2249 3184 germano
2280 3096 2462 3160 fratre
2489 3092 2625 3157 nul-

508 3227 513 3236 ·
596 3200 700 3270 lus
730 3194 998 3284 accipiat
1038 3219 1054 3258 ε
1091 3195 1249 3261 nihil
1278 3197 1344 3262 in
1377 3199 1538 3262 cella
1583 3220 1696 3263 sua
1731 3199 1970 3287 absque
2003 3201 2314 3291 praepositi
2355 3198 2631 3286 jussione

594 3305 911 3395 quispiam
953 3302 1221 3378 habeat,
1270 3325 1352 3370 ne
1398 3324 1584 3390 poma
1634 3305 1891 3392 quidem
1940 3308 2267 3382 vilissima,
2302 3318 2367 3370 et
2405 3317 2630 3369 caetera
2729 3291 2736 3298 ⁰

591 3409 980 3498 hujusmodi.

594 3567 605 3574 .
682 3515 754 3584 V.
811 3514 1161 3603 operantes
1205 3536 1354 3578 vero
1402 3513 1628 3581 fratrea
1676 3515 1835 3583 nihil
1878 3520 2225 3607 loquantur
2271 3517 2570 3582 saeculare
2604 3539 2626 3580 τ

592 3622 708 3689 sed
753 3633 859 3687 aut
897 3617 1285 3686 meditentur
1321 3642 1431 3698 ea,
1466 3644 1609 3708 quoe
1652 3635 1869 3688 sancta
1901 3636 2052 3688 sunt
2075 3675 2092 3700 ,
2140 3635 2243 3688 aut
2280 3633 2450 3686 certe
2478 3619 2630 3685 sile-

585 3728 770 3796 hunt.

602 3913 611 3927 υ
681 3831 785 3897 Vl.
842 3831 968 3911 Qui
1015 3846 1227 3900 autem
1278 3831 1620 3918 coquinat,
1671 3847 2010 3923 antequam
2043 3835 2269 3901 fratres
2305 3832 2636 3910 reficiant,

584 3958 724 4018 pon
753 3935 1030 4023 gustabit
1059 3939 1425 4026 quidquam.

679 4041 810 4107 Vll.
867 4038 1117 4106 Nemo
1101 4064 1162 4106 ιιι
1207 4045 1368 4122 cella
1403 4053 1515 4108 aut
1555 4042 1618 4109 in
1654 4045 1843 4110 domo
1877 4069 1990 4111 sua
2021 3993 2255 4114 habeat
2287 4044 2639 4134 quidquam
