2982 4885
1039 541 1295 587 nonina
1343 539 1573 586 xxxvn.
2195 523 2327 592 253

291 659 622 723 credentes
650 657 946 722 mandata
984 655 1242 721 Domini
1273 678 1630 730 servemus,
1663 666 1727 720 et
1761 676 2120 725 crescamus
2147 660 2214 725 in
2247 658 2326 727 eo

305 764 442 845 «113
457 763 661 828 virum
690 760 1068 851 perfectum,
1096 762 1161 827 in
1184 782 1551 827 mensuram
1572 760 1889 835 aetatis¹,»
1914 784 1995 827 ne
2024 764 2192 828 ultra
2217 766 2328 830 do·

291 866 571 932 minetur
608 863 791 932 nobis
835 865 1124 955 deceptio
1168 866 1361 955 hujus
1402 863 1641 940 saeculi,
1685 865 1800 929 sed
1835 863 1901 929 iu
1946 867 2327 934 certitudine

291 970 441 1036 fidei
484 971 756 1059 Spiritus
798 970 1033 1048 simus,
1066 993 1277 1061 neque
1321 970 1682 1036 diffidamus
1720 992 1737 1034 :
1772 965 1924 1057 quia
1960 983 2328 1059 peccatores

291 1100 543 1167 quoque
582 1078 1024 1168 resipiscentes
1053 1079 1250 1167 gratia
1296 1077 1415 1144 Dei
1445 1077 1754 1142 benevole
1806 1075 2089 1164 suscipit.
2141 1077 2333 1157 Quod

291 1182 460 1247 enim
491 1205 606 1271 per
633 1182 899 1273 gratiam
942 1186 1237 1261 donatur,
1273 1183 1340 1249 id
1381 1204 1510 1248 non
1542 1181 1694 1248 licet
1725 1180 2029 1269 amplius,
2057 1202 2334 1271 ,compa-

293 1290 495 1353 rando
535 1311 685 1354 cum
737 1290 1152 1356 antecedente
1203 1286 1596 1362 infirmitate,
1628 1285 1882 1363 metiri3
1926 1285 2071 1374 quia
2134 1286 2344 1375 gratia

292 1390 423 1477 jam
439 1415 567 1457 non
590 1404 757 1458 esset
780 1394 1002 1479 gratia,
1022 1393 1220 1459 sedin
1241 1393 1449 1458 Deum
1465 1390 1969 1480 omnipotentem
2000 1394 2331 1460 eredentes

295 1495 566 1583 simplici
594 1507 661 1560 et
696 1497 866 1559 curia
901 1520 1102 1562 vacuo
1141 1500 1334 1563 corde
1367 1500 1744 1564 accedamus
1779 1498 1860 1563 ad
1881 1520 2055 1572 enm,
2088 1498 2198 1586 qui
2219 1521 2335 1585 per

298 1597 491 1663 fidem
520 1597 1067 1686 participationem
1090 1599 1363 1688 Spiritus
1395 1602 1684 1689 largitur,
1718 1624 1850 1666 non
1881 1623 1997 1689 per
2025 1600 2337 1666 assimila-

299 1704 539 1768 tionem
587 1724 857 1790 operum
898 1701 1050 1769 fidei
1085 1727 1104 1777 3
1141 1704 1347 1792 inquit
1403 1706 1576 1772 enim
1615 1730 1631 1770 ε
1672 1735 1698 1767 ι
1726 1705 1866 1771 Non
1904 1691 1992 1770 'ex
2040 1703 2338 1794 operibus

296 1833 323 1867 n
342 1806 495 1894 legis
527 1804 835 1896 Spiritum
856 1807 1212 1895 accepistis.
1240 1811 1353 1875 sed
1388 1831 1468 1874 ex
1491 1807 1714 1874 auditu
1735 1807 1888 1875 fidei
1908 1807 1956 1873 ².
1981 1834 2008 1870 s

1032 2022 1104 2076 m
1113 2021 1587 2076 Tnnnooarlo.

386 2224 554 2290 vm.
592 2225 853 2292 Dixisti
887 2224 1130 2290 omnia
1174 2223 1625 2311 spiritualiter
1655 2221 1736 2286 in
1773 2221 2014 2290 anima
2052 2245 2183 2290 esse
2232 2247 2341 2293 n·

300 2329 589 2394 condita.
611 2329 803 2407 Quid
823 2342 916 2391 est
947 2348 1104 2415 ergo
1132 2347 1149 2391 t
1176 2351 1201 2385 α
1230 2325 1387 2393 Volo
1421 2327 1705 2413 quinque
1730 2327 1930 2394 verba
1958 2327 2025 2395 in
2050 2326 2338 2396 Ecclesia

305 2463 332 2498 ι
352 2445 565 2501 mente
587 2454 728 2500 mea
758 2430 938 2502 louui
956 2428 1018 2496 Ῥ
1042 2458 1069 2493 ι
1370 2451 1402 2475 ‘⁵

397 4030 415 4057 ε
440 4018 619 4086 Ephes.
646 4032 718 4080 nv,
746 4019 822 4073 ιδ.
848 4046 906 4060 -
930 4033 953 4060 ⁸
979 4018 1145 4078 Galat.
1168 4037 1250 4085 m,
1271 4037 1323 4095 a.
1340 4047 1405 4068 -
1427 4023 1451 4064 ⁸
1479 4037 1501 4073 ι
1527 4018 1648 4075 Gor·
1674 4034 1775 4090 xlv.
1803 4035 1877 4090 ¹9·
