2982 4885
1192 486 1452 532 ιιοιιιιιι
1500 462 2413 535 xx.133

364 598 542 666 ducit
561 597 885 694 hominem
909 602 989 667 ad
1011 603 1336 670 manifesta
1362 615 1625 692 peccata
1649 602 2126 688 committenda.
2170 604 2402 670 Malitia

344 703 537 770 'e‘n'im
574 683 743 771 velut
772 705 958 772 sontis
992 709 1307 797 scaturigo
1340 720 1434 772 est
1469 708 1875 798 undiquaque
1909 707 2277 798 scaturiens,
2311 709 2410 774 Tu

370 809 558 898 igitur
581 834 731 876 cura
757 812 1117 901 diligenter,
1146 813 1529 880 utcohibeas
1556 815 1720 879 rivos
1738 812 2017 882 malitiae.
2046 837 2124 876 ne
2151 791 2412 879 infinitis

368 915 547 979 malis
582 917 848 981 obrutus
882 918 1054 982 velut
1093 917 1394 983 attonitus
1430 919 1679 982 evadas.
1736 918 2325 996 Quemadmodum,
2361 917 2417 982 si

368 1019 678 1108 quispiam
711 1021 790 1087 sit
823 1021 1085 1094 nobilis,
1139 1022 1247 1109 qui
1286 1044 1437 1087 cura
1470 1021 1646 1088 omni
1680 1019 1958 1109 abjecta,
1993 1021 2059 1084 in
2095 1019 2417 1088 affluentia

367 1109 585 1190 rerum
631 1126 828 1202 vivan
882 1149 1070 1215 quem
1114 1127 1388 1194 ministri
1432 1127 1737 1216 principis
1779 1138 1844 1192 et
1875 1124 2265 1215 apparitores
2297 1125 2417 1193 ab·

368 1240 648 1316 reptum,
684 1232 764 1296 ad
800 1253 950 1297 eum
980 1231 1386 1321 protrahant,
1426 1231 1710 1296 dicentes
1742 1252 1757 1292 ε
1802 1229 2201 1298 ‘Accusatus
2231 1251 2300 1294 es
2331 1225 2417 1292 ob

372 1333 614 1400 crimen
656 1337 939 1425 aliquod,
979 1360 1050 1402 ac
1089 1336 1339 1427 capitali
1382 1335 1692 1425 supplicio
1717 1334 2029 1420 subjaces.
2056 1333 2423 1400 »Caeterum

373 1435 477 1502 ille
502 1461 630 1525 prae
652 1454 828 1506 metu
851 1429 1116 1506 ex'fama
1141 1452 1496 1512 contracto,
1525 1436 1736 1527 perdit
1759 1459 1980 1502 omnes
2005 1436 2423 1526 cogitationes

379 1559 546 1612 suas,
577 1564 650 1605 ac
674 1545 850 1606 velut
876 1545 1144 1606 attonito
1169 1554 1428 1629 stupore
1452 1531 1661 1628 pavet.

468 1640 704 1708 XLIX.
759 1643 1066 1709 Eamdem
1091 1642 1282 1731 igitur
1302 1645 1680 1712 sententiam
1713 1663 1969 1730 quoque
1991 1644 2310 1732 concipias
2344 1646 2425 1711 de

382 1744 707 1834 spiritibus
738 1747 1014 1812 malitiar-
1037 1733 1328 1814 sMundus
1363 1748 1534 1814 enim
1574 1748 1958 1837 conspicuus
1991 1771 2022 1812 a
2056 1749 2309 1836 regibus
2350 1750 2433 1814 ad

380 1848 631 1936 infimos
655 1852 720 1917 in
743 1854 1047 1927 tumultu,
1067 1852 1545 1943 perturbatione
1569 1876 1642 1919 ac
1664 1875 1876 1942 pugna
1903 1852 2282 1919 constitutus
2302 1863 2422 1928 est,

377 1977 499 2022 nec
520 1958 688 2022 ullus
707 1958 962 2023 illorum
988 1980 1243 2024 causam
1265 1959 1475 2036 novit3
1512 1957 1814 2024 nimirum
1843 1971 2132 2049 apertum
2157 1960 2425 2034 malum,

383 2063 554 2151 quod
595 2061 788 2128 subiit
829 2077 1089 2154 propter
1134 2065 1633 2131 inobedientiam
1674 2063 1850 2140 Adae,
1895 2076 1961 2128 et
2001 2064 2294 2129 stimulus
2325 2074 2426 2129 est

321 2173 353 2192 “
380 2168 619 2235 mortis.
679 2169 1020 2235 Peccatum
1076 2171 1246 2235 enim
1296 2171 1468 2258 quod
1522 2168 1714 2234 subiit
1736 2217 1755 2243 ,
1809 2191 1957 2233 cum
2001 2170 2080 2233 sit
2137 2166 2423 2256 potentia

384 2274 672 2356 quaedam
701 2286 766 2337 et
798 2274 1155 2352 substantia
1178 2274 1499 2337 rationalis
1532 2272 1776 2337 Satanae
1809 2272 1933 2359 (5),
1962 2271 2187 2336 insevit
2210 2271 2427 2337 omnia

385 2376 572 2439 mala.
612 2372 939 2458 Siquidem
973 2377 1223 2437 occulte
1254 2387 1319 2437 et
1344 2378 1614 2440 latenter
1641 2375 1712 2437 'in
1743 2376 2029 2440 interiori
2060 2375 2325 2441 homine
2358 2397 2432 2439 ac

362 2482 605 2546 'mente
642 2488 966 2565 operatur,
1007 2489 1193 2563 atque
1225 2477 1712 2564 cogitationibus
1748 2488 2076 2563 repugnat.
2125 2478 2434 2543 Nesciunt

389 2594 606 2647 tamen
630 2580 944 2656 homines,
975 2580 1149 2668 quod
1173 2580 1371 2646 aliena
1399 2580 1673 2667 quadam
1700 2578 1758 2643 vi
1782 2578 2036 2667 impulsi
2060 2578 2194 2643 haec
2223 2588 2432 2665 agant,

395 2686 509 2752 sed
546 2694 771 2776 putant
798 2686 934 2752 haec
968 2709 1105 2752 esse
1136 2686 1478 2760 naturalia,
1531 2697 1593 2750 et
1623 2684 1876 2774 propria
1910 2672 2427 2772 quaedam‘animi

397 2789 849 2858 deliberatione
874 2815 939 2857 se
965 2792 1102 2859 haec
1127 2815 1328 2883 agere.
1360 2791 1486 2872 Qui
1513 2813 1661 2855 vero
1689 2788 1920 2857 Christi
1945 2810 2168 2878 pacem
2193 2789 2435 2855 habent

392 2896 460 2962 in
495 2897 706 2961 animo
740 2895 898 2984 ipso,
931 2908 995 2961 et
1026 2896 1105 2964 ab
1136 2916 1211 2960 co
1242 2906 1390 2960 sunt
1418 2892 1793 2969 illuminati,
1823 2892 1914 2958 ἰ11ἰ
1944 2904 2216 2967 norunt,
2260 2893 2435 2958 undo

394 3000 530 3068 haec
567 3000 880 3067 oriantur.

477 3107 548 3173 L.
602 3106 890 3171 Sustinet
910 3104 1080 3170 enim
1104 3106 1380 3169 mundus
1405 3103 1770 3170 affectiones
1796 3104 2080 3180 vitiosas,
2110 3114 2175 3168 et
2201 3103 2266 3169 id
2290 3125 2443 3169 nes-

396 3213 518 3280 cit:
554 3234 693 3300 quae
733 3210 989 3298 quidem
1033 3222 1179 3276 sunt
1204 3209 1696 3300 iguisimpuruS,
1735 3209 1841 3296 qui
1867 3208 2165 3275 accendit
2197 3231 2336 3282 cor,
2368 3219 2439 3273 et

394 3317 683 3411 pervadit
704 3316 915 3381 omnia
940 3316 1248 3391 membra,
1274 3328 1459 3402 atque
1484 3313 1707 3378 incitat
1730 3312 2020 3377 homines
2048 3310 2442 3375 adlibidines
2477 3324 2478 3327 ’

396 3435 462 3489 et
490 3420 734 3487 infinita
762 3423 947 3487 mala.
990 3419 1398 3504 Quicumque
1421 3418 1613 3506 igitur
1635 3412 2088 3489 titillantur-,et
2109 3414 2441 3507 voluptate

399 3527 784 3603 afficiuntur,
821 3527 991 3591 intus
1025 3523 1088 3589 in
1119 3524 1317 3587 corde
1346 3520 1829 3586 fornicationem
1860 3516 2303 3595 committunt,
2336 3528 2441 3581 at-

392 3652 527 3729 que
556 3633 643 3699 sic
670 3631 1001 3721 paulatim,
1039 3628 1191 3693 dum
1220 3625 1470 3691 fovetur
1501 3624 1767 3695 malum,
1804 3621 2154 3686 incidunt
2136 3644 2201 3685 ιιι
2231 3621 2444 3689 mani-

392 3716 636 3800 festum
686 3746 996 3825 stuprum.
1049 3734 1225 3799 Idem
1271 3729 1502 3796 sentias
1543 3748 1795 3816 quoque
1829 3727 1917 3791 de
1962 3724 2246 3797 avaritia,
2281 3744 2443 3790 vana

408 3834 632 3928 gloria,
665 3837 848 3913 fastu,
876 3836 1276 3905 aemulatione
1299 3846 1365 3902 et
1389 3835 1501 3901 ira.
1531 3828 1800 3900 Perinde
1823 3851 1897 3895 ac
1920 3828 1970 3893 si
1996 3826 2135 3916 quis
2160 3829 2240 3892 ad
2262 3850 2422 3916 pran

410 3942 590 4015 dium
614 3940 811 4015 fuerit
828 3954 1112 4021 vocatus,
1140 3944 1244 4013 cui
1266 3951 1667 4035 apponantur
1689 3936 1856 4007 van‘a
1880 3935 2169 4005 ciborum
2196 3957 2424 4032 genera
2432 3965 2456 4017 ς
