2982 4885
797 570 804 579 -
831 548 836 557 ‘
908 562 946 586 ·
1166 553 1738 601 arornrnacmu.
1856 598 1869 609 .
2341 532 2473 626 437

422 677 624 744 mon?
660 678 773 743 me
814 697 968 742 vero
1005 695 1394 750 conversus,
1438 674 1691 765 plagas
1681 650 1751 738 ei
1787 666 2049 750 inflixit,
2090 671 2475 761 reliquitque

429 768 939 851 semimortuum.
971 768 1066 849 Ac
1098 784 1357 854 tollens,
1395 781 1567 868 quod
1599 780 1890 868 portabat
1920 781 2199 869 lignum,
2233 788 2474 849 cucur-

425 889 527 953 rit.
567 889 901 954 Paululum
933 909 1265 977 progresso
1296 885 1579 950 occurrit
1610 885 1778 950 inter
1805 907 2063 951 cursum
2095 887 2310 952 Abbas
2342 888 2473 964 Ma-

319 1000 334 1015 '
426 994 632 1059 carius
653 1045 672 1068 ,
707 994 816 1081 qui
849 994 1005 1058 dixit
1035 993 1092 1057 ei
1123 1015 1139 1057 ε
1169 992 1390 1057 Salvus
1419 992 1505 1056 sis
1527 1041 1545 1066 ,
1574 992 1782 1055 salvus
1808 991 1889 1055 sis
1912 991 2127 1056 labore
2151 991 2462 1060 confecte-

426 1098 541 1164 llle
572 1099 919 1164 admiratus
958 1097 1131 1163 venit
1163 1099 1241 1165 ad
1277 1119 1464 1170 eum,
1502 1108 1568 1161 et
1604 1095 1738 1160 ait:
1775 1095 1950 1177 Quid
1985 1095 2140 1161 honi
2169 1094 2423 1163 vidisti
2404 1121 2475 1163 m

426 1223 562 1278 me,
589 1204 757 1289 quod
784 1224 889 1267 me
921 1199 1330 1267 salutaveris?
1351 1201 1517 1266 'l'um
1546 1221 1775 1264 senex.
1806 1201 2125 1278 Quoniam
2168 1202 2472 1290 conspexi

427 1318 492 1372 te
522 1307 743 1373 labore
782 1307 1060 1383 sessum,
1106 1328 1179 1371 ac
1224 1306 1430 1372 nescis
1471 1317 1535 1370 te
1581 1305 1644 1368 in
1678 1327 1911 1371 vanum
1962 1306 2306 1395 defatigari.
2352 1306 2474 1372 Sa-

428 1413 652 1477 cerdos
681 1433 979 1499 quoquc:
1015 1411 1148 1498 Ego
1187 1410 1563 1475 salutatione
1596 1421 1704 1473 tua
1733 1420 2157 1495 compunctus
2190 1431 2373 1481 sum.
2404 1422 2472 1475 et

421 1516 693 1603 cognovi
725 1539 805 1581 ex
840 1530 1019 1604 parte
1047 1516 1162 1580 Dei
1196 1527 1258 1580 te
1288 1538 1446 1580 csse.
1483 1515 1662 1580 Alius
1688 1535 1836 1579 vero
1860 1515 2064 1578 malus
2082 1512 2469 1586 monachus.

429 1619 651 1685 obvius
691 1620 934 1695 factus,
988 1620 1374 1687 contumelia
1417 1642 1523 1685 me
1557 1619 1767 1685 affecit
1801 1641 1817 1683 τ
1854 1641 2053 1706 quare
2082 1640 2198 1705 ego
2232 1618 2379 1683 dedi
2411 1618 2473 1684 ei

430 1727 647 1814 plagas
682 1726 765 1792 ad
807 1737 1099 1790 mortem.
1141 1725 1415 1812 Agnovit
1443 1738 1657 1791 autem
1688 1747 1909 1799 senex,
1956 1725 2132 1811 quod
2162 1722 2242 1787 dc
2281 1721 2475 1788 disci-

429 1833 579 1919 pulo
611 1853 725 1895 suo
760 1832 1148 1919 loqueretur.
1180 1831 1386 1905 Tunc,
1425 1830 1834 1920 apprehensis
1878 1828 2017 1916 ejus
2046 1828 2349 1917 pedibus,
2382 1850 2473 1893 sa-

315 1960 318 1965 ·
428 1937 652 1999 cerdos
695 1935 777 2000 ita
811 1937 1063 2001 locutus
1099 1948 1196 2002 est
1230 1959 1246 2000 ε
1286 1936 1425 2002 Non
1466 1936 1783 2001 dimittam
1817 1946 1879 1999 te
1904 1982 1922 2009 ,
1958 1932 2078 1998 nisi
2110 1956 2214 1997 me
2238 1931 2473 2013 *feceris

425 2039 831 2106 monachum.
865 2040 945 2105 Et
968 2054 1278 2107 venerunt
1303 2065 1554 2107 sursum
1573 2090 1591 2117 ,
1620 2040 1730 2106 ubi
1753 2053 1890 2106 erat
1915 2038 2293 2113 monachus,
2317 2061 2473 2126 por-

430 2159 846 2234 taveruntque
884 2147 1062 2212 illum
1098 2150 1179 2213 ad
1225 2149 1578 2215 Ecclesiam
1609 2147 1864 2213 montis.
1904 2146 2102 2211 Porro
2133 2155 2469 2210 cernentes

430 2253 828 2316 sacerdotem
855 2270 1003 2314 cum
1025 2273 1127 2325 eo,
1154 2253 1484 2338 stupefacti
1514 2264 1699 2324 sunt;
1727 2250 1794 2314 et
1815 2249 2106 2314 fecerunt
2128 2249 2306 2314 illum
2328 2272 2474 2314 mon

439 2352 736 2418 nachum.
776 2351 1082 2439 Multique
1112 2354 1441 2440 gentilium
1461 2364 1722 2441 propter
1744 2375 1892 2417 eum
1917 2350 2064 2415 facti
2095 2364 2244 2414 sunt
2263 2352 2476 2418 Chris·-

443 2457 616 2524 tiani.
669 2456 1007 2522 Asserebat
1040 2480 1192 2544 ergo
1229 2457 1444 2524 Abbas
1484 2454 1835 2530 Macarius,
1885 2456 2058 2541 quod
2094 2475 2305 2518 sermo
2342 2477 2471 2524 ms

434 2566 531 2629 lus
562 2561 753 2627 ctiam
781 2560 980 2626 bonos
1012 2565 1211 2627 malos
1230 2563 1441 2637 saciat,
1479 2574 1543 2628 et
1577 2583 1785 2627 sermo
1819 2561 2025 2626 bonus
2053 2560 2245 2676 etiam
2268 2563 2470 2628 malos

435 2667 660 2732 bonos.

521 2770 674 2840 XL.
710 2769 804 2837 De
853 2770 1102 2839 Abbate
1145 2773 1418 2838 Macario
1461 2772 1935 2846 memorabant,
1991 2772 2165 2860 quod
2209 2771 2472 2840 absonte

434 2873 542 2942 illo
575 2875 890 2964 ingressus
929 2878 1010 2943 sit
1040 2882 1199 2944 latro
1240 2878 1303 2943 in
1335 2881 1561 2945 cellam
1595 2877 1751 2966 ejus.
1797 2878 1961 2943 Cum
1999 2890 2211 2944 autem
2245 2879 2476 2945 rediis⁴

434 2993 551 3056 set,
592 2981 830 3047 invenit
856 2984 1193 3059 latronem,
1237 2984 1344 3065 qui
1368 2986 1682 3050 camelum
1716 2984 2146 3073 suppellectile
2175 3008 2287 3052 sua
2315 3001 2483 3056 one·

435 3089 630 3154 rabat.
673 3089 811 3177 Ipse
851 3087 1045 3177 igitur
1089 3091 1329 3156 intrans
1366 3091 1430 3155 in
1475 3092 1731 3170 cellam,
1769 3092 1847 3156 dc
1877 3091 2039 3156 vasis
2067 3092 2420 3181 accipiebat
2450 3144 2473 3170 ,

433 3204 497 3257 et
535 3216 661 3259 una
693 3218 838 3262 cum
869 3219 946 3262 eo
978 3197 1287 3261 onerabat
1320 3197 1660 3261 camelum.
1704 3197 1783 3261 Ut
1813 3220 1964 3285 ergo
2008 3197 2320 3262 sarcinam
2352 3198 2479 3263 im·-

435 3298 783 3377 miscrunt,
840 3303 1035 3389 coepit
1075 3302 1174 3366 sur
1225 3301 1560 3367 verberare
1613 3303 1968 3374 camelum,
2026 3312 2100 3363 ut
2153 3314 2473 3386 surgeretg

438 3425 641 3491 neque
671 3407 986 3492 surgebat.
1027 3404 1262 3467 Videns
1289 3428 1477 3489 porro
1510 3406 1726 3470 Abbas
1759 3402 2067 3468 Macarius
2087 3448 2106 3478 ,
2141 3402 2317 3490 quod
2347 3427 2483 3474 non

436 3519 813 3596 exurgeret,
872 3507 1099 3569 cellam
1137 3503 1453 3588 ingressus
1504 3506 1741 3570 invenit
1791 3529 2057 3595 parvum
2103 3509 2474 3586 sarculum,

437 3611 866 3696 emissumque
883 3605 1179 3691 imposuit
1200 3607 1470 3679 camelo,
1487 3604 1707 3670 dicens
1722 3609 1996 3683 :Frater,
2019 3610 2143 3674 hoc
2159 3612 2486 3695 quaerebat

442 3713 738 3775 camelus.
777 3712 946 3776 Pede
976 3731 1122 3773 vero
1155 3709 1408 3797 pulsans
1439 3731 1588 3773 eum
1622 3732 1852 3786 senex,
1896 3713 1982 3776 ait
2009 3734 2024 3775 :
2054 3712 2269 3802 Surge.
2312 3713 2484 3781 Con-

443 3813 773 3903 festimque
808 3815 1125 3890 surrexit,
1160 3829 1225 3879 ct
1257 3837 1606 3903 parumper
1644 3813 1885 3881 itineris
1918 3817 2189 3884 confecit
2224 3833 2487 3910 propter

441 3919 581 4006 ejus
627 3944 1009 3988 sermonem.
1064 3920 1191 3986 Sed
1221 3921 1451 3986 iterum
1488 3921 1768 3998 resedit,
1807 3945 1926 3989 nec
1968 3925 2320 4002 exurrexit,
2369 3928 2492 3993 do·-

443 4047 564 4091 nec
582 4026 1021 4115 deposuissent
1041 4037 1341 4093 cunctam
1366 4027 1890 4116 suppellectilem.
1912 4029 2094 4097 Tunc
2116 4031 2288 4098 enim
2312 4031 2490 4098 abiit.
