2982 4885
595 542 722 607 216
1266 559 1314 600 s.
1373 518 1637 601 »iscium
1683 544 1947 600 ,narmi

587 677 1046 746 Romanorum,
1061 683 1250 759 atque
1261 673 1571 761 prodeant
1582 695 1657 736 ex
1672 670 1743 735 iis
1753 670 2007 759 pennati
2025 670 2456 736 adolescentes
2467 672 2617 747 duo,

589 781 827 847 viribus
863 779 1165 868 aequales,
1204 778 1314 867 qui
1344 781 1514 845 lucta
1554 780 1972 852 contendant;
2005 777 2091 843 ita
2124 778 2476 844 adversaria
2505 799 2624 866 po-

589 897 782 952 testas
811 896 878 950 et
905 907 1085 950 mens
1113 906 1324 972 aequas
1355 884 1517 950 vires
1550 883 1841 949 obtinent
1875 883 2173 948 adversus
2206 906 2272 947 se
2301 882 2572 948 invicem
2600 903 2618 944 ε

591 1014 664 1058 ac
696 1013 916 1081 parem
929 990 1297 1055 facultatem
1313 988 1509 1054 habet
1526 988 1784 1055 Satanas
1810 987 2187 1054 adhortandi
2216 1001 2281 1055 et
2312 985 2624 1053 alliciendi

590 1090 868 1161 animam
924 1097 1003 1161 ad
1054 1097 1446 1161 voluntatem
1501 1118 1680 1160 suam
1705 1145 1722 1170 ,
1781 1107 1971 1182 atque
2021 1094 2230 1160 anima
2292 1118 2330 1159 e
2380 1093 2625 1159 diverso

588 1225 870 1293 pugnam
901 1200 1128 1276 habet,
1162 1212 1234 1265 ut
1266 1200 1700 1275 contradicat,
1734 1200 1888 1267 etin
1920 1201 2092 1266 nulla
2131 1223 2199 1264 re
2230 1197 2288 1264 ei
2317 1199 2631 1286 obsequa-

588 1319 714 1373 tur.
738 1301 1191 1371 Exhortatione
1233 1303 1404 1372 enim
1437 1303 1699 1371 excitari
1733 1316 2000 1394 possunt
2030 1304 2229 1370 ambae
2266 1302 2632 1375 facultates,

593 1422 733 1481 tum
759 1413 839 1478 ad
863 1410 1102 1475 bonum
1121 1459 1140 1485 ,
1169 1422 1307 1476 tum
1333 1411 1411 1475 ad
1435 1411 1702 1485 malum,
1730 1402 2096 1475 nontamen
2122 1405 2433 1497 compelli.
2465 1403 2637 1470 Huic

591 1516 783 1608 igitur
810 1516 1027 1585 liberae
1045 1515 1344 1583 electioni
1379 1517 1569 1581 datur
1586 1514 1797 1582 divina
1819 1514 2277 1591 remuneratio,
2305 1522 2640 1602 potestque

595 1621 960 1689 dimicando
999 1645 1255 1689 sumere
1295 1645 1470 1688 arma
1501 1626 1581 1689 de
1614 1622 1811 1699 coelo,
1853 1633 2040 1707 atque
2071 1643 2294 1685 eorum
2328 1613 2638 1683 beneficio

593 1730 917 1796 eradicare
951 1748 1023 1791 ac
1053 1747 1355 1813 superare
1385 1736 1743 1810 peccatum.
1788 1723 2241 1788 Contradicere
2278 1723 2449 1787 enim
2485 1741 2645 1809 pec-

596 1841 740 1895 cato
783 1838 991 1914 potest
1035 1826 1294 1910 quidem
1341 1825 1593 1889 anima:
1634 1824 1769 1886 sine
1814 1824 1949 1886 Deo
1992 1844 2142 1887 vero
2186 1846 2490 1910 superare
2532 1835 2648 1888 aut

596 1931 910 2018 extirpare
957 1926 1180 1991 vitium
1228 1926 1466 2013 nequit.
1521 1925 1758 1993 Verum
1802 1925 1910 2013 qui
1962 1936 2247 1989 asserunt
2301 1937 2651 2012 peccatum

595 2057 732 2101 esse
777 2033 945 2096 velut
988 2041 1322 2095 strenuum
1356 2029 1727 2118 gigantem,
1749 2027 2025 2092 animam
2054 2050 2203 2092 vero
2236 2030 2409 2093 velut
2441 2026 2651 2114 pusil-

594 2140 726 2203 lum
743 2184 761 2211 ,
798 2156 1132 2223 perperam
1166 2133 1404 2201 dicunt.
1445 2132 1513 2199 Si
1545 2132 1717 2198 enim
1742 2134 1899 2197 adeo
1921 2144 2133 2197 essent
2157 2155 2256 2196 res
2281 2127 2643 2207 dissimiles,
2668 2171 2682 2185 ·

596 2252 670 2305 ut
730 2249 1062 2328 peccatum
1117 2238 1196 2304 sit
1243 2241 1417 2304 velut
1451 2238 1658 2325 gigas,
1685 2237 1893 2303 anima
1924 2258 2074 2300 vero
2118 2236 2292 2300 velut
2330 2235 2630 2323 pusillus,

581 2330 860 2432 ¹iniquus
879 2356 1046 2410 esset
1071 2344 1417 2432 legislator,
1438 2341 1547 2429 qui
1576 2344 1783 2430 legem
1813 2340 1960 2406 tulit
1990 2338 2258 2415 homini,
2281 2351 2353 2405 ut
2371 2362 2643 2429 pugnam

602 2456 775 2521 ineat
817 2455 1116 2519 adversus
1163 2452 1486 2518 Satanam.

696 2559 936 2625 XXIII.
990 2558 1125 2623 Hoc
1157 2568 1373 2621 autem
1413 2566 1509 2619 est
1539 2554 2029 2619 fundamentum
2058 2551 2171 2617 viae
2205 2552 2287 2616 ad
2306 2552 2513 2617 Deum
2542 2549 2648 2617 de·

604 2661 932 2734 ducentis,
985 2660 1050 2724 in
1105 2659 1435 2724 tolerantia
1476 2659 1710 2732 multa,
1749 2657 1814 2720 in
1854 2679 2001 2745 spe,
2044 2655 2107 2720 iu
2150 2656 2537 2730 humilitate,
2582 2655 2645 2721 in

605 2766 980 2857 paupertate
1012 2745 1299 2851 spiritus,
1330 2762 1395 2827 in
1419 2760 1904 2826 mansuetudine
1930 2760 2093 2826 viam
2121 2760 2261 2826 vitae
2283 2785 2614 2851 peragrare
2624 2787 2642 2836 ;

606 2885 672 2939 et
719 2871 950 2938 horum
1001 2864 1314 2932 beneficio
1359 2865 1501 2955 quis
1546 2865 1833 2931 obtinere
1881 2878 2088 2956 potest
2131 2866 2438 2954 justitiam
2480 2868 2543 2931 in
2583 2889 2651 2932 se

608 2976 743 3065 ipso
780 2998 795 3036 ε
850 2972 1122 3037 dicimus
1157 2984 1366 3037 autem
1400 2970 1708 3058 justitiam
1732 3020 1748 3046 ,
1786 2971 1990 3059 ipsum
2042 2970 2442 3037 Dominum¹.
2498 2972 2650 3035 Haec

607 3078 779 3144 enim
810 3076 1104 3140 mandata
1123 3125 1140 3149 ,
1168 3097 1308 3162 quae
1331 3075 1506 3141 hunc
1528 3074 1591 3138 in
1615 3076 1875 3140 modum
1901 3075 2309 3163 praecipiunt,
2345 3086 2489 3140 sunt
2517 3086 2652 3140 tan-

613 3205 804 3271 quam
841 3179 1078 3272 lapides
1106 3181 1381 3246 miliares
1416 3179 1559 3254 fixi,
1585 3191 1653 3244 et
1690 3180 1864 3268 sigua
1888 3181 2075 3269 regiae
2108 3182 2257 3259 viae,
2286 3181 2654 3250 deducentis

614 3291 696 3354 ad
734 3289 1056 3353 coelcstcm
1088 3285 1410 3350 civitatem
1444 3284 1927 3352 inambulantes.
1960 3287 2175 3374 Inquit
2194 3289 2405 3353 enim:
2439 3287 2655 3354 «Beati

615 3422 641 3455 ι
662 3416 972 3483 pauperes
1003 3389 1227 3481 spiritu
1244 3414 1263 3465 ς
1291 3389 1469 3456 Beati
1503 3389 1722 3466 mites;
1764 3392 1942 3458 Beati
1974 3394 2448 3469 misericordes-03
2479 3393 2659 3461 Beati

565 3487 570 3506 '
615 3497 972 3594 »pacificiR
1004 3526 1028 3558 n
1060 3498 1248 3562 Hunc
1279 3495 1473 3562 dicito
1498 3520 1633 3563 esse
1654 3498 2218 3568 christianismum.
2251 3500 2315 3565 Si
2343 3521 2489 3564 vero
2515 3498 2659 3585 quis

616 3605 738 3702 hac
772 3601 868 3672 via
902 3623 1030 3665 non
1062 3600 1452 3678 inambulet,
1477 3625 1593 3691 per
1616 3603 1793 3669 devia
1818 3617 2019 3676 errat,
2046 3608 2215 3671 malo
2246 3604 2659 3671 fundamento

619 3707 790 3774 usus.
847 3706 1060 3771 Gloria
1102 3706 1617 3774 miserationibus
1656 3708 1898 3785 Pau-is,
1940 3720 2005 3776 et
2042 3709 2226 3787 Filii,
2277 3722 2343 3777 et
2392 3710 2662 3800 Spiritus

561 3905 596 3918 Η
622 3810 820 3918 sancti
848 3809 910 3874 in
941 3813 1187 3876 saecula.
1227 3811 1452 3877 Amen.

691 3957 711 3984 ⁸
738 3945 924 3999 Jerem.
945 3961 1089 4006 xxm,
1111 3946 1163 4000 6.
1185 3972 1247 3987 -
1273 3961 1295 3988 ⁸
1323 3946 1503 4000 Mattb.
1529 3959 1579 4007 v,
1603 3945 1654 4009 ³,
1678 3954 1729 4000 et
1746 3963 1888 4017 seqq.
