2982 4885
592 560 721 630 260
1269 575 1318 617 a.
1375 572 1638 619 uacua
1683 570 1952 624 Aeetam

592 793 726 822 *Ἀ
732 787 941 819 memus·
948 790 993 817 Ἀ
999 788 1595 818 extumum
1603 782 2415 814 mmmmnm
2427 781 2630 811 -UMQ

1309 967 1715 1039 HOMILIA
1763 967 1914 1038 XL.

603 1202 907 1269 Cunctas
937 1193 1235 1264 virtutes
1252 1240 1272 1277 ,
1319 1202 1393 1259 et
1431 1202 1689 1260 cuncta
1723 1185 1904 1257 vitia
1939 1188 2126 1256 inter
2151 1208 2230 1256 se
2267 1181 2634 1279 colligatas

696 1333 848 1380 esse
869 1363 887 1397 ,
939 1323 1011 1379 et
1071 1303 1269 1377 velut
1299 1318 1636 1375 catenam
1685 1325 1908 1372 unam
1974 1297 2067 1369 ab
2111 1296 2339 1370 altera
2378 1297 2636 1394 depen-

697 1421 883 1497 dere.
1638 1404 1658 1414 ’

687 1646 736 1712 Ι.
789 1643 886 1712 Da
910 1637 1205 1711 exteriori
1225 1637 1707 1712 exercitatione,
1730 1647 1796 1701 et
1816 1633 2135 1720 quodnam
2169 1628 2527 1697 institutum
2554 1625 2638 1691 sit

374 1795 379 1800 -
488 1823 493 1826 ,
578 1751 816 1841 1ροιίιη
860 1759 926 1812 et
967 1747 1244 1833 primum
1289 1742 1414 1805 hoc
1457 1741 1709 1812 scitote,
1755 1736 1993 1809 dilecti,
2028 1736 2199 1819 qnod
2229 1727 2398 1799 inter
2425 1757 2492 1799 se
2527 1733 2647 1797 de-

604 1856 828 1918 vinctae
857 1849 982 1911 sint
1012 1864 1234 1910 omnes
1256 1842 1539 1905 virtutes·
1575 1837 1769 1903 Velut
1789 1834 1960 1899 enim
1986 1836 2275 1920 quaedam
2300 1835 2653 1922 spiritualis

601 1966 823 2019 catena
849 1970 974 2012 una
999 1948 1078 2010 ab
1101 1944 1298 2007 altera
1322 1939 1636 2028 dependet
1650 1964 1669 2014 ;
1698 1937 1977 2027 precatio
1995 1959 2028 2000 a
2044 1936 2409 2011 dilectione,
2438 1936 2657 2003 dilec-

603 2059 690 2124 tio
714 2078 745 2119 a
770 2049 1024 2140 gaudio,
1054 2044 1356 2136 gaudium
1381 2065 1413 2109 a
1438 2041 1948 2117 mansuetudine,
1977 2035 2400 2107 mansuetudo
2426 2040 2504 2106 ab
2531 2040 2652 2106 hu·

600 2160 891 2232 militate,
927 2149 1247 2220 humilitas
1280 2149 1359 2214 ab
1389 2147 1727 2235 obsequio,
1761 2145 2139 2233 obsequium
2171 2167 2206 2209 a
2240 2167 2388 2232 spe,
2421 2139 2569 2232 ¹spes
2609 2167 2646 2210 a

604 2265 754 2338 fide,
793 2260 949 2327 fides
978 2257 1057 2323 ab
1092 2252 1339 2329 auditu,
1370 2252 1623 2316 auditus
1656 2273 1691 2314 a
1721 2250 2146 2337 simplicitate.
2204 2247 2670 2328 Quemadmo—

606 2373 762 2440 dum
792 2365 985 2433 etiam
1012 2384 1093 2427 ex
1121 2360 1383 2424 adversa
1404 2367 1585 2446 parte
1613 2355 1785 2430 vitia,
1812 2375 2014 2420 unum
2047 2354 2126 2419 ab
2159 2355 2384 2429 altero,
2414 2351 2643 2441 depen-

609 2480 791 2550 dentz
828 2469 1049 2539 odium
1079 2465 1158 2530 ab
1192 2463 1308 2540 ira,
1335 2461 1426 2528 ira
1452 2484 1485 2525 a
1510 2460 1829 2550 superbia,
1859 2460 2156 2550 superbia
2181 2483 2216 2525 a
2238 2483 2400 2526 vana
2421 2459 2639 2550 gloria,

608 2604 769 2650 vana
800 2574 998 2665 gloria
1032 2570 1110 2635 ab
1143 2565 1540 2642 infidelitate,
1575 2564 1909 2631 infidelitas
1938 2588 1973 2630 a
2003 2565 2236 2631 duritie
2264 2564 2498 2641 cordis,
2524 2564 2644 2627 du-

614 2683 786 2753 rities
832 2674 1043 2743 cordia
1076 2693 1109 2737 a
1143 2668 1560 2757 negligentia,
1600 2668 1976 2758 negligentia
2014 2692 2049 2735 a
2078 2669 2361 2758 pigritia,
2403 2665 2645 2757 pigritia

616 2789 695 2855 ab
729 2780 974 2855 acedia,
1008 2773 1225 2840 acedia
1258 2771 1336 2836 ab
1371 2771 1791 2860 impatientia,
1826 2772 2215 2862 impatientia
2240 2796 2276 2837 a
2302 2774 2640 2861 voluptate,

616 2907 682 2962 et
711 2888 950 2976 reliqua
985 2878 1273 2959 membra
1306 2877 1602 2944 vitiorum
1644 2879 1719 2944 ab
1755 2878 2028 2946 invicem
2066 2879 2521 2969 dependentia:
2558 2875 2651 2941 sic

618 3015 874 3088 quoque
904 2991 970 3055 in
999 2982 1171 3053 bona
1203 2997 1383 3076 parte
1413 2984 1489 3051 ab
1522 2983 1794 3052 invicem
1826 2985 2206 3075 dependent,
2238 2994 2301 3048 et
2327 3000 2650 3070 suspensae

619 3113 766 3171 sunt
796 3097 1080 3164 virtutes.
1388 3170 1391 3171 ⁷

612 3286 616 3290 Α
708 3206 787 3273 11.
844 3200 1052 3289 Caput
1082 3207 1294 3263 autem
1328 3194 1523 3261 totius
1558 3193 1712 3259 boni
1744 3193 2039 3274 instituti,
2073 3205 2139 3261 et
2168 3205 2386 3262 vertex
2417 3190 2655 3259 hones-

620 3331 831 3397 tarum
880 3305 1201 3381 actionum
1247 3313 1343 3367 est
1376 3300 1727 3389 perdurare
1773 3300 1837 3367 in
1867 3301 2268 3391 precatione,
2303 3299 2491 3388 cujus
2536 3318 2657 3387 ope

619 3430 881 3497 caeteraa
910 3430 1163 3502 quoque
1192 3404 1456 3472 virtutes
1485 3427 1602 3494 per
1631 3406 2116 3495 postulationem
2146 3429 2180 3471 a
2211 3406 2347 3472 Deo
2378 3400 2659 3490 quotidie

620 3519 922 3607 consequi
952 3534 1305 3606 possumus.
1345 3510 1508 3577 Hinc
1540 3511 1710 3578 enim
1740 3513 2030 3600 provenit
2067 3511 2164 3586 iis,
2197 3510 2303 3598 qui
2336 3508 2507 3596 digni
2540 3506 2661 3570 ha·-

620 3631 881 3697 bentur,
922 3616 1416 3688 communicatio
1464 3616 1690 3683 divinae
1737 3616 2167 3683 sanctimoniae
2210 3626 2274 3681 et
2319 3610 2660 3704 spiritualis

536 3757 550 3770 ·
620 3727 942 3802 efficaciae,
985 3737 1052 3791 et
1095 3723 1406 3790 connexio
1454 3721 1806 3791 affectionis
1851 3722 2044 3789 animi
2082 3743 2231 3811 erga
2280 3718 2656 3792 Dominum,

620 3840 798 3906 velut
819 3854 934 3924 per
956 3851 1251 3897 arcanam
1277 3826 1701 3894 dilectionem.
1744 3826 1872 3907 Qui
1899 3828 2070 3892 enim
2105 3850 2173 3892 so
2210 3825 2420 3916 ipsum
2453 3819 2662 3911 quoti-

622 3944 728 4014 die
751 3942 830 4007 ad
852 3932 1383 4030 perseverandum
1400 3931 1463 3996 in
1479 3932 1765 3997 oratione
1785 3931 2136 4020 compellit,
2168 3930 2272 3995 ille
2295 3929 2358 3994 in
2382 3945 2664 3995 amorem

534 4064 539 4075 '
623 4049 909 4122 divinum
931 4055 1001 4112 et
1016 4036 1405 4114 'desiderium
1435 4037 1662 4105 ardens
1686 4059 1722 4104 a
1745 4036 2056 4127 spirituali
2077 4035 2425 4106 dilectione
2450 4051 2668 4099 accen·
