2982 4885
1116 587 1374 650 nemus
1419 593 1547 650 xxi.
2132 572 2136 576 ’
2226 608 2254 648 1
2263 564 2352 673 7'1'

313 720 484 813 jecta
524 729 670 785 sunt
693 766 712 795 ,
753 728 976 806 sponte
1019 717 1287 806 quisque
1319 721 1666 809 sectatur,)
1711 733 1786 785 ut
1830 709 1910 785 ab
1942 713 2016 785 iis
2047 717 2344 785 omnibus

318 839 384 893 'se
421 824 756 914 expediam
802 844 873 888 ac
908 822 1183 889 liberans
1207 874 1224 899 ,
1277 823 1555 914 perfecto
1595 827 1965 892 mandatum
2008 824 2345 890 observare

318 929 530 1020 possit.
570 928 744 994 lutus
768 928 917 992 vero
951 925 1280 1004 intricata,
1317 929 1813 1006 circumvallata,
1859 930 2057 998 muris
2087 929 2295 1000 cincta
2318 977 2337 1003 ,

320 1048 507 1122 atque
537 1035 776 1100 catenis
802 1034 1206 1100 tenebrarum
1233 1033 1521 1130 devincta
1545 1048 1641 1102 e’st
1672 1035 1913 1111 anima,
1952 1059 2067 1130 per
2091 1034 2347 1125 spiritus

318 1138 571 1205 malitiae
592 1188 611 1215 ,
652 1139 737 1204 ita
784 1150 857 1203 ut
884 1161 1013 1204 nou
1047 1141 1247 1228 possit
1276 1161 1390 1230 pro
1422 1142 1627 1207 lubitu
1667 1139 1927 1230 diligere
1959 1138 2348 1212 Dominum,

319 1266 441 1310 nec
473 1266 588 1333 pro
619 1244 829 1333 lubitu
860 1247 1145 1321 credere,
1173 1268 1291 1311 nec
1325 1270 1440 1335 pro
1472 1247 1679 1313 lubitu
1715 1249 1997 1313 adorare.
2040 1243 2203 1313 Nam
2233 1267 2351 1334 pe-

320 1351 489 1415 nitus
514 1349 926 1416 contrarietas
951 1363 1079 1417 tam
1107 1352 1173 1417 in
1195 1349 1537 1418 manifestis
1564 1373 1755 1440 quam
1780 1353 1845 1426 in
1872 1352 2140 1418 occultis
2167 1343 2356 1420 rebus

300 1466 467 1546 'post
495 1455 1058 1542 transgressionem
1089 1443 1278 1542 primi
1314 1457 1590 1522 hominis
1626 1478 1740 1521 nos
1778 1453 2023 1520 invasit.

410 1557 521 1620 111.
577 1557 643 1620 Si
682 1557 823 1643 quis
859 1557 1073 1641 itaque
1118 1558 1333 1621 audito
1377 1559 1570 1623 verbo
1624 1558 1741 1624 Dei
1780 1567 2055 1644 p'ugnam
2095 1553 2308 1622 inierit
2333 1605 2352 1630 ,

331 1674 519 1748 atque
577 1661 659 1725 ad
702 1660 872 1725 hanc
907 1661 1115 1726 vitam·
1140 1662 1488 1750 spectantia
1534 1675 1600 1728 ot
1636 1665 1895 1750 laqueos
1932 1660 2154 1727 mundi
2219 1683 2253 1725 a
2296 1683 2362 1725 se

327 1766 707 1857 projecerit,
760 1785 1108 1855 omnesque
1150 1768 1356 1833 carnis
1386 1770 1739 1857 voluptates
1773 1751 2233 1857 repudiaverit,
2285 1788 2366 1834 ex

328 1872 427 1939 his
468 1894 535 1936 se
575 1871 784 1959 ipsum
824 1872 1196 1961 expediens:
1238 1884 1374 1938 tum
1417 1872 1482 1938 in
1515 1872 1770 1939 Domini
1807 1871 2158 1938 intentione
2205 1895 2355 1961 per-

329 1978 742 2053 severaverit3
786 1999 1170 2067 cognoscere
1208 1979 1312 2045 hic
1347 1980 1580 2068 poterit
1632 1999 1768 2045 esse
1813 1977 1879 2043 in
1928 1977 2122 2043 corde
2173 1973 2364 2050 aliam

330 2084 607 2176 luctam&
630 2082 815 2148 aliam
836 2084 1345 2151 contrarietatem
1363 2088 1709 2161 occultam,
1745 2079 1913 2151 aliud
1926 2083 2167 2150 bellum
2199 2081 2366 2172 cogi-

329 2174 642 2255 tationum
662 2188 997 2275 spirituum
1021 2190 1315 2277 nequitiae
1337 2240 1355 2267 ,
1381 2204 1568 2279 atque
1585 2189 1756 2256 aliud
1779 2201 2101 2255 certamen
2119 2186 2204 2253 im
2214 2211 2370 2279 pen-

332 2296 504 2359 dere.
549 2292 678 2369 Qui
723 2293 813 2355 sic
852 2306 1212 2378 perseverat
1249 2296 1316 2358 in
1357 2281 1757 2359 invocatione
1788 2291 2081 2368 Domini,
2131 2292 2196 2355 in
2241 2285 2370 2386 {ide

334 2393 690 2463 indubitata
712 2441 730 2468 ,
758 2414 833 2458 ac
861 2394 1193 2460 tolerantia
1240 2399 1438 2460 multa
1456 2444 1474 2469 ,
1511 2396 1778 2482 ejusque
1808 2397 2106 2463 auxilium
2140 2417 2374 2485 expec-

337 2504 479 2575 tat,
544 2497 777 2587 poterit
834 2495 982 2562 inde
1042 2498 1347 2586 consequi
1395 2498 1763 2563 interiorem
1802 2499 2269 2573 liberationem
2340 2522 2373 2564 a

338 2603 583 2693 laqueis
613 2650 632 2677 ,
680 2600 857 2666 tricis
881 2652 899 2677 ,
940 2587 1117 2667 vallis
1146 2652 1165 2677 ,
1194 2600 1197 2601 ⁷
1224 2613 1288 2668 et
1329 2602 1606 2685 tenebris
1652 2602 1988 2691 spirituum
2025 2601 2318 2692 nequitiae
2355 2650 2373 2677 ,

344 2726 485 2796 quae
516 2717 661 2772 sunt
686 2707 1080 2772 occultarum
1115 2704 1523 2773 affectionum
1554 2706 1994 2796 operationeS.'

434 2813 541 2880 1V.
593 2812 734 2878 Hoc
783 2823 995 2877 autem
1041 2813 1280 2878 bellum
1319 2835 1434 2901 per
1480 2812 1746 2902 gratiam
1806 2825 1871 2893 et
1913 2808 2236 2887 virtutem¹
2264 2802 2384 2876 Dei

348 2916 581 2984 confici
614 2929 838 3007 potest.
874 2917 998 2984 Sua
1024 2918 1195 2983 enim
1226 2911 1459 2982 rir'tute
1491 2942 1528 2983 a
1560 2916 2046 2992 contrarietate,
2080 2928 2145 2981 et
2168 2924 2386 2981 errore

348 3012 801 3111 cogitationum
825 3072 843 3098 ,
880 3034 945 3088 et
976 3022 1383 3089 affectionum
1409 3018 1850 3097 invisibilium,
1879 3035 1944 3088 et
1966 3018 2389 3101 machinatio-

351 3131 537 3195 nibus
572 3129 737 3194 illius
782 3129 1186 3219 nequissImi,
1237 3153 1304 3194 se
1341 3128 1566 3220 aliquis
1602 3130 1874 3219 liberare
1913 3131 2155 3218 nequit.
2195 3120 2392 3211 Quod

354 3234 405 3299 si
438 3233 576 3321 quis
615 3224 1022 3300 scaeularibus
1047 3234 1241 3322 hujus
1273 3235 1499 3300 mundi
1520 3230 1711 3300 rebus
1738 3235 2056 3311 detentus,
2085 3233 2397 3323 variisque

354 3340 621 3405 vinculis
646 3340 913 3406 terrenis
946 3341 1341 3430 implicatus,
1377 3340 1816 3425 affectionibus
1844 3336 2097 3405 malitiae
2125 3338 2394 3403 seduca—

359 3452 464 3537 tur
478 3470 496 3519 ς
537 3467 795 3535 prorsus
840 3468 971 3511 non
1017 3436 1403 3534 cognoscere
1447 3458 1657 3533 potest
1715 3444 1901 3510 aliam
1937 3442 2074 3508 esse
2105 3440 2345 3521 luctam
2378 3493 2398 3522 ,

362 3566 640 3636 pugnam
683 3562 750 3617 et
793 3551 1038 3619 bellum
1068 3551 1414 3615 internum.
1462 3548 1633 3613 Fieri
1667 3550 1838 3612 enim
1890 3558 2100 3637 potest
2126 3596 2144 3622 ,
2171 3554 2301 3623 Ἧι,
2351 3547 2404 3614 si

368 3650 511 3736 quis
546 3652 907 3723 dimicando
947 3679 1014 3723 se
1051 3656 1286 3741 eximat
1329 3666 1519 3749 atque
1558 3655 1805 3718 exolvat
1850 3644 1926 3717 ab
1979 3651 2077 3717 his
2122 3646 2401 3735 externi-s

370 3754 637 3819 vinculis
668 3762 1025 3835 mundanis,
1054 3752 1126 3827 ae
1155 3759 1589 3826 materialibus
1616 3754 1809 3822 rebus
1831 3807 1847 3832 ,
1889 3765 1953 3822 et
1978 3755 2408 3845 voluptatibus

374 3857 621 3933 carnis,
664 3858 1042 3949 incipiatque
1063 3866 1336 3931 Domino
1363 3866 1713 3940 adhaerere,
1750 3864 2021 3951 spolians
2053 3885 2120 3927 se
2151 3861 2275 3926 hoc
2300 3880 2407 3927 sm-

375 3964 557 4037 culo,
610 3961 829 4049 utique
866 3975 1015 4029 tunc
1054 3970 1245 4053 possit
1277 3970 1650 4057 dignoscere
1682 3982 1962 4058 pugnam
1993 3964 2406 4035 affectionum
2502 3974 2508 3982 '

380 4069 550 4137 intus
588 4079 1185 4146 castrametantem,
1220 4074 1589 4141 intestinum
1621 4076 1858 4143 bellum
1879 4123 1899 4152 ,
1944 4084 2133 4161 atque
2181 4092 2407 4161 pravas
