2982 4885
595 474 728 561 354
1274 491 1325 537 ι.
1375 486 1643 535 uacum
1687 482 1956 531 aetra-11

587 634 741 687 tune
771 613 939 681 circa
984 609 1297 677 exteriora
1333 604 1565 697 prodit.
1605 604 1983 669 Discernens
2013 597 2186 664 enim
2223 594 2337 683 (ut
2385 596 2631 662 dictum

588 725 728 810 est)
769 717 1071 786 discernit
1095 715 1379 803 quisque.
1410 709 1695 798 Exempli
1729 729 1944 781 eausa,
1971 703 2283 792 quispiam
2310 701 2472 769 sorte
2486 725 2631 767 eum

593 825 785 892 fratre
824 821 1259 919 coutendens,
1295 814 1556 882 dissidet
1591 837 1622 878 a
1655 836 1725 877 se
1747 812 1901 900 ipso.
1940 809 2033 875 Ae
2066 808 2276 897 primo
2326 807 2624 897 opponit:

487 1014 494 1021 ι
594 926 982 1000 Dicam-ne?
1014 947 1092 990 an
1137 945 1266 989 non
1311 917 1569 986 dicam?
1598 936 2021 1005 reponam-ne
2064 935 2205 1001 quae
2247 912 2632 978 ulciscantur

595 1037 765 1105 illata
800 1033 956 1099 mihi
985 1028 1261 1122 probra?
1295 1028 1407 1092 sed
1444 1022 1652 1114 potius
1693 1020 1911 1087 silebo,
1951 1019 2270 1085 Tenemus
2298 1018 2414 1084 Dei
2445 1040 2632 1081 mau-

595 1142 786 1233 data3
822 1152 1119 1205 eaeterum
1163 1135 1247 1200 ita
1290 1145 1363 1197 ut
1394 1130 1665 1220 propriae
1702 1148 1956 1214 quoque
1992 1146 2147 1189 cura
2189 1123 2463 1212 gloriolae
2500 1143 2633 1186 non

600 1247 1005 1340 negligatur&
1044 1243 1200 1309 adeo
1240 1239 1343 1303 vix
1396 1234 1706 1326 quispiam
1747 1234 1934 1320 plene
1973 1252 2045 1294 ac
2092 1227 2367 1319 perfecte
2399 1227 2460 1290 in
2493 1227 2639 1291 ani-

604 1368 781 1419 mum
816 1348 1084 1423 induxit,
1118 1366 1377 1435 prorsus
1410 1341 1473 1406 in
1500 1338 1797 1405 omnibus
1825 1336 2135 1423 abnegare
2160 1356 2237 1398 se.
2270 1330 2332 1396 Si
2352 1352 2499 1418 ergo
2527 1332 2638 1395 vel

602 1459 869 1527 minimo
901 1465 1224 1521 momento
1255 1438 1405 1516 lanx
1437 1446 1729 1512 amicitiae
1770 1442 2109 1508 mundana».
2142 1439 2353 1527 jugum
2383 1447 2641 1500 staterae

605 1566 669 1631 in
693 1564 884 1631 corde
917 1557 1203 1635 traxerit,
1236 1555 1448 1621 statim
1473 1554 1715 1618 malum
1740 1549 2010 1614 verbum
2052 1545 2177 1611 exit
2219 1563 2414 1629 usque
2443 1540 2525 1606 ad
2554 1540 2644 1604 la-

610 1672 761 1746 bra3
796 1668 1024 1734 deinde
1055 1686 1258 1737 mens,
1277 1673 1575 1746 tanquam
1599 1678 1818 1723 areum
1835 1655 2001 1719 intus
2028 1652 2314 1721 tendenS,
2333 1645 2645 1734 jaculatur

609 1778 675 1861 in
717 1773 1074 1865 proximum
1109 1791 1223 1858 per
1255 1766 1557 1854 linguam.
1594 1761 1886 1849 Jurgium
1929 1756 2074 1820 inde
2106 1751 2511 1842 progreditur
2538 1773 2645 1815 us-

614 1900 736 1968 que
768 1878 847 1941 ad
882 1896 1129 1948 manus,
1164 1871 1486 1938 interdum
1518 1881 1581 1935 et
1611 1870 1907 1932 vulnera3
1937 1857 2088 1944 quin
2114 1856 2195 1920 ad
2218 1857 2462 1921 caedem
2489 1880 2642 1921 non-

615 2004 941 2070 nunquam
987 1979 1186 2068 ipsam
1233 1979 1363 2044 rixa
1406 1971 1707 2065 pervenit.
1755 1967 1844 2032 Ex
1877 1982 2004 2052 quo
2050 1963 2201 2029 licet
2253 1966 2639 2053 perspicere,

617 2092 788 2155 unde
800 2088 993 2151 ducto
1013 2083 1328 2175 principio
1355 2083 1416 2145 in
1441 2087 1746 2172 quantum
1770 2070 2025 2136 sceleris
2038 2070 2422 2158 processerit
2444 2067 2647 2134 brevis

615 2199 722 2264 ille
756 2206 967 2260 motus
1006 2192 1243 2257 animae.
1283 2186 1362 2250 Et
1402 2206 1478 2248 ex
1513 2181 1647 2259 hoe
1684 2171 1976 2267 exemplo
2011 2189 2256 2266 reputa,
2293 2176 2383 2241 sie
2416 2179 2495 2242 ad
2519 2176 2648 2241 sin.

620 2305 798 2392 gulos
830 2299 1081 2364 evenire
1113 2297 1318 2382 lapsus
1351 2288 1418 2355 in
1463 2295 1726 2377 peccata
1759 2270 1874 2349 'vel
1912 2305 2101 2371 prava
2140 2282 2381 2357 studia:
2415 2278 2648 2346 malitia

628 2408 863 2496 ubique
895 2396 1368 2470 adulationibus
1406 2392 1787 2483 quibusdam
1821 2387 2265 2476 blanditiisque
2297 2387 2655 2478 pelliciente

624 2517 1014 2581 voluntatem
1047 2504 1266 2572 animoe
1293 2503 1357 2570 in
1388 2497 1769 2588 cupiditates
1805 2493 2158 2559 mundanas
2202 2504 2264 2558 et
2308 2492 2508 2557 carnis
2545 2514 2657 2555 vo-

623 2624 915 2708 luptates.
955 2615 1059 2683 Sic
1093 2619 1493 2701 perpetratur
1527 2602 1909 2668 adulterium
1930 2649 1948 2673 ,
1984 2598 2070 2665 sic
2105 2599 2363 2670 furtum,
2392 2595 2478 2661 sic
2504 2618 2657 2662 ava-

629 2725 804 2797 titia,
854 2722 944 2786 sic
981 2735 1139 2784 vana
1171 2709 1497 2802 gloriati03
1542 2707 1632 2773 sie
1670 2729 1859 2773 omne
1893 2702 2063 2771 aliud
2112 2702 2385 2793 cujusvis
2414 2700 2658 2792 generis

631 2831 891 2897 malum.

721 2922 953 2998 XXIV.
998 2922 1135 3008 lpsa
1175 2941 1426 3006 quoque
1471 2940 1588 3007 per
1628 2939 1695 2982 se
1738 2915 2081 2992 laudabilia
2125 2914 2205 2979 ob
2236 2934 2462 2978 vanam
2496 2938 2663 3002 saepe

634 3035 896 3126 gloriam
921 3050 1110 3116 opera
1141 3024 1726 3101 efficiuntur.Quod
1748 3023 2003 3109 quidem
2029 3043 2139 3109 par
2156 3017 2319 3082 furto
2338 3065 2356 3093 ,
2389 3018 2662 3094 inertiae,

634 3134 1001 3226 magnisque
1049 3132 1183 3197 aliis
1226 3131 1505 3221 peccatis
1556 3152 1587 3193 a
1635 3130 1769 3194 Deo
1812 3127 2179 3214 judicatur:
2216 3150 2240 3182 ι
2267 3123 2444 3188 Deus
2491 3124 2660 3188 enim

636 3272 661 3307 ι
688 3244 709 3330 (
734 3241 820 3308 ait
857 3239 1103 3328 David)
1146 3237 1464 3326 dissipavit
1507 3256 1643 3298 ossa
1699 3253 1946 3308 eorum,
1982 3231 2087 3318 qui
2122 3228 2493 3295 hominibus
2529 3230 2664 3316 pla-

641 3377 666 3413 »
687 3347 862 3414 cent¹
881 3394 895 3410 .
926 3374 949 3408 n
982 3346 1202 3431 Itaque
1226 3341 1563 3428 vectigales
1593 3337 1711 3403 sibi
1737 3338 1945 3404 facere
1982 3338 2268 3407 virtutes,
2301 3335 2605 3399 tributum
2627 3354 2664 3398 e

640 3455 824 3524 bonis
862 3451 1159 3538 operibus
1197 3448 1406 3512 cultus
1455 3444 1871 3532 obsequiique
1902 3456 2161 3531 captans
2202 3441 2438 3531 proprii
2472 3437 2665 3508 hostis

639 3574 853 3631 noster
886 3556 1470 3644 satagit,veterator
1496 3550 1599 3618 ille
1629 3561 1940 3622 versutus,
1977 3550 2207 3621 varius,
2237 3561 2301 3613 et
2325 3567 2565 3635 pravus.

728 3661 937 3736 XXV.
971 3661 1181 3740 Quam
1224 3658 1425 3748 quivis
1467 3679 1545 3722 ex
1582 3656 1806 3724 mundi
1844 3653 2037 3741 hujus
2090 3654 2281 3720 rebus
2345 3662 2548 3724 amat,
2591 3671 2668 3714 ea

644 3781 861 3868 gravat
888 3767 1054 3833 illius
1087 3778 1392 3838 mentem,
1415 3774 1479 3826 et
1512 3761 1689 3848 quasi
1721 3762 2014 3825 deorsum
2043 3758 2233 3824 trahit
2266 3781 2337 3822 ac
2366 3754 2667 3831 detrudit,

644 3889 1016 3959 vertereque
1054 3890 1304 3937 sursum
1334 3866 1552 3933 oculos
1572 3887 1710 3931 non
1739 3865 1905 3933 sinit.
1943 3864 2136 3954 Apud
2157 3864 2312 3930 tales
2342 3860 2517 3928 enim
2549 3870 2674 3925 sta-

713 4020 731 4054 ⁸
756 4004 889 4067 Pul,
911 4023 1001 4070 ιιι,
1022 4006 1076 4060 6.
