<?xml version="1.0" encoding="UTF-8"?>
<!DOCTYPE html PUBLIC "-//W3C//DTD XHTML 1.0 Transitional//EN"
    "http://www.w3.org/TR/xhtml1/DTD/xhtml1-transitional.dtd">
<html xmlns="http://www.w3.org/1999/xhtml" xml:lang="en" lang="en">
 <head>
  <title>
</title>
<meta http-equiv="Content-Type" content="text/html;charset=utf-8" />
  <meta name='ocr-system' content='tesseract 3.04.00' />
  <meta name='ocr-capabilities' content='ocr_page ocr_carea ocr_par ocr_line ocrx_word'/>
</head>
<body>
  <div class='ocr_page' id='page_1' title='image "./sanctorummacari00egypgoog_0144.png"; bbox 0 0 2982 4885; ppageno 0'>
   <div class='ocr_carea' id='block_1_1' title="bbox 1826 268 1884 289">
    <p class='ocr_par' dir='ltr' id='par_1_1' title="bbox 1826 268 1884 289">
     <span class='ocr_line' id='line_1_1' title="bbox 1826 268 1884 289; baseline 0 0"><span class='ocrx_word' id='word_1_1' title='bbox 1826 268 1884 289; x_wconf 70' lang='lat' dir='ltr'><strong>a-</strong></span> 
     </span>
    </p>
   </div>
   <div class='ocr_carea' id='block_1_2' title="bbox 719 461 2077 542">
    <p class='ocr_par' dir='ltr' id='par_1_2' title="bbox 719 461 2077 542">
     <span class='ocr_line' id='line_1_2' title="bbox 719 461 2077 542; baseline -0.004 0"><span class='ocrx_word' id='word_1_2' title='bbox 719 474 844 542; x_wconf 70' lang='lat'><strong>128</strong></span> <span class='ocrx_word' id='word_1_3' title='bbox 994 461 1009 480; x_wconf 84' lang='lat'><strong><em>‘</em></strong></span> <span class='ocrx_word' id='word_1_4' title='bbox 1394 493 1445 536; x_wconf 83' lang='lat' dir='ltr'><strong>s.</strong></span> <span class='ocrx_word' id='word_1_5' title='bbox 1498 467 1774 538; x_wconf 70' lang='lat' dir='ltr'><strong>imum</strong></span> <span class='ocrx_word' id='word_1_6' title='bbox 1807 481 2077 537; x_wconf 66' lang='lat' dir='ltr'><strong>acum</strong></span> 
     </span>
    </p>
   </div>
   <div class='ocr_carea' id='block_1_3' title="bbox 709 595 2727 801">
    <p class='ocr_par' dir='ltr' id='par_1_3' title="bbox 709 595 2727 801">
     <span class='ocr_line' id='line_1_3' title="bbox 709 595 2727 699; baseline -0.001 -20"><span class='ocrx_word' id='word_1_7' title='bbox 709 612 891 679; x_wconf 83' lang='lat' dir='ltr'><strong>sitate</strong></span> <span class='ocrx_word' id='word_1_8' title='bbox 934 608 1246 697; x_wconf 75' lang='lat' dir='ltr'><strong>quadam,</strong></span> <span class='ocrx_word' id='word_1_9' title='bbox 1295 618 1359 671; x_wconf 84' lang='lat' dir='ltr'><strong>at</strong></span> <span class='ocrx_word' id='word_1_10' title='bbox 1396 629 1526 672; x_wconf 93' lang='lat' dir='ltr'><strong>non</strong></span> <span class='ocrx_word' id='word_1_11' title='bbox 1561 595 1913 698; x_wconf 77' lang='lat' dir='ltr'><strong>spontanea</strong></span> <span class='ocrx_word' id='word_1_12' title='bbox 1960 606 2316 683; x_wconf 79' lang='lat' dir='ltr'><strong>voluntate,</strong></span> <span class='ocrx_word' id='word_1_13' title='bbox 2366 609 2446 674; x_wconf 76' lang='lat' dir='ltr'><strong>ad</strong></span> <span class='ocrx_word' id='word_1_14' title='bbox 2477 606 2545 676; x_wconf 78' lang='lat' dir='ltr'><strong>id</strong></span> <span class='ocrx_word' id='word_1_15' title='bbox 2571 605 2727 699; x_wconf 79' lang='lat' dir='ltr'><strong>quod</strong></span> 
     </span>
     <span class='ocr_line' id='line_1_4' title="bbox 709 716 1536 801; baseline -0.006 -19"><span class='ocrx_word' id='word_1_16' title='bbox 709 716 952 783; x_wconf 80' lang='lat' dir='ltr'><strong>bonum</strong></span> <span class='ocrx_word' id='word_1_17' title='bbox 985 724 1114 787; x_wconf 87' lang='lat' dir='ltr'><strong>est,</strong></span> <span class='ocrx_word' id='word_1_18' title='bbox 1150 725 1536 801; x_wconf 77' lang='lat' dir='ltr'><strong>properaret.</strong></span> 
     </span>
    </p>
   </div>
   <div class='ocr_carea' id='block_1_4' title="bbox 713 816 2756 2046">
    <p class='ocr_par' dir='ltr' id='par_1_4' title="bbox 713 816 2756 2046">
     <span class='ocr_line' id='line_1_5' title="bbox 798 816 2729 906; baseline 0 -20"><span class='ocrx_word' id='word_1_19' title='bbox 798 816 938 888; x_wconf 82' lang='lat' dir='ltr'><strong>XL.</strong></span> <span class='ocrx_word' id='word_1_20' title='bbox 994 817 1231 885; x_wconf 89' lang='lat' dir='ltr'><strong>Verum</strong></span> <span class='ocrx_word' id='word_1_21' title='bbox 1262 829 1335 883; x_wconf 81' lang='lat' dir='ltr'><strong>ut</strong></span> <span class='ocrx_word' id='word_1_22' title='bbox 1363 817 1613 905; x_wconf 86' lang='lat' dir='ltr'><strong>penitus</strong></span> <span class='ocrx_word' id='word_1_23' title='bbox 1647 827 1984 906; x_wconf 87' lang='lat' dir='ltr'><strong>appareat,</strong></span> <span class='ocrx_word' id='word_1_24' title='bbox 2011 829 2076 882; x_wconf 86' lang='lat' dir='ltr'><strong>et</strong></span> <span class='ocrx_word' id='word_1_25' title='bbox 2096 827 2229 882; x_wconf 85' lang='lat' dir='ltr'><strong>rata</strong></span> <span class='ocrx_word' id='word_1_26' title='bbox 2255 817 2335 883; x_wconf 86' lang='lat' dir='ltr'><strong>sit</strong></span> <span class='ocrx_word' id='word_1_27' title='bbox 2356 818 2556 886; x_wconf 82' lang='lat' dir='ltr'><strong>libera</strong></span> <span class='ocrx_word' id='word_1_28' title='bbox 2577 819 2729 886; x_wconf 81' lang='lat' dir='ltr'><strong>arbi·-</strong></span> 
     </span>
     <span class='ocr_line' id='line_1_6' title="bbox 713 921 2730 1010; baseline -0.002 -19"><span class='ocrx_word' id='word_1_29' title='bbox 713 924 818 991; x_wconf 83' lang='lat' dir='ltr'><strong>trii</strong></span> <span class='ocrx_word' id='word_1_30' title='bbox 851 927 1174 999; x_wconf 83' lang='lat' dir='ltr'><strong>voluntas,</strong></span> <span class='ocrx_word' id='word_1_31' title='bbox 1216 945 1409 1010; x_wconf 88' lang='lat' dir='ltr'><strong>quam</strong></span> <span class='ocrx_word' id='word_1_32' title='bbox 1442 921 1520 986; x_wconf 90' lang='lat' dir='ltr'><strong>ab</strong></span> <span class='ocrx_word' id='word_1_33' title='bbox 1556 921 1736 986; x_wconf 88' lang='lat' dir='ltr'><strong>initio</strong></span> <span class='ocrx_word' id='word_1_34' title='bbox 1766 921 1937 987; x_wconf 86' lang='lat' dir='ltr'><strong>Deus</strong></span> <span class='ocrx_word' id='word_1_35' title='bbox 1969 922 2281 987; x_wconf 77' lang='lat' dir='ltr'><strong>concessit</strong></span> <span class='ocrx_word' id='word_1_36' title='bbox 2303 921 2577 1000; x_wconf 88' lang='lat' dir='ltr'><strong>homini,</strong></span> <span class='ocrx_word' id='word_1_37' title='bbox 2608 923 2730 1010; x_wconf 86' lang='lat' dir='ltr'><strong>ejus</strong></span> 
     </span>
     <span class='ocr_line' id='line_1_7' title="bbox 717 1026 2733 1116; baseline 0 -21"><span class='ocrx_word' id='word_1_38' title='bbox 717 1053 818 1096; x_wconf 88' lang='lat' dir='ltr'><strong>res</strong></span> <span class='ocrx_word' id='word_1_39' title='bbox 844 1052 1091 1096; x_wconf 88' lang='lat' dir='ltr'><strong>summa</strong></span> <span class='ocrx_word' id='word_1_40' title='bbox 1118 1050 1266 1095; x_wconf 90' lang='lat' dir='ltr'><strong>cum</strong></span> <span class='ocrx_word' id='word_1_41' title='bbox 1290 1026 1758 1115; x_wconf 81' lang='lat' dir='ltr'><strong>dispensatione</strong></span> <span class='ocrx_word' id='word_1_42' title='bbox 1788 1027 2332 1101; x_wconf 81' lang='lat' dir='ltr'><strong>administrantur,</strong></span> <span class='ocrx_word' id='word_1_43' title='bbox 2361 1026 2556 1116; x_wconf 83' lang='lat' dir='ltr'><strong>fitque</strong></span> <span class='ocrx_word' id='word_1_44' title='bbox 2585 1031 2733 1094; x_wconf 83' lang='lat' dir='ltr'><strong>solu-</strong></span> 
     </span>
     <span class='ocr_line' id='line_1_8' title="bbox 715 1131 2738 1224; baseline -0.001 -23"><span class='ocrx_word' id='word_1_45' title='bbox 715 1135 806 1202; x_wconf 88' lang='lat' dir='ltr'><strong>tio</strong></span> <span class='ocrx_word' id='word_1_46' title='bbox 845 1157 1230 1224; x_wconf 75' lang='lat' dir='ltr'><strong>corporum3</strong></span> <span class='ocrx_word' id='word_1_47' title='bbox 1258 1145 1331 1199; x_wconf 81' lang='lat' dir='ltr'><strong>ut</strong></span> <span class='ocrx_word' id='word_1_48' title='bbox 1364 1132 1428 1196; x_wconf 91' lang='lat' dir='ltr'><strong>in</strong></span> <span class='ocrx_word' id='word_1_49' title='bbox 1462 1133 1787 1197; x_wconf 79' lang='lat' dir='ltr'><strong>voluntate</strong></span> <span class='ocrx_word' id='word_1_50' title='bbox 1825 1131 2097 1197; x_wconf 77' lang='lat' dir='ltr'><strong>hominis</strong></span> <span class='ocrx_word' id='word_1_51' title='bbox 2133 1132 2213 1198; x_wconf 87' lang='lat' dir='ltr'><strong>sit</strong></span> <span class='ocrx_word' id='word_1_52' title='bbox 2240 1182 2256 1205; x_wconf 91' lang='lat'><strong>,</strong></span> <span class='ocrx_word' id='word_1_53' title='bbox 2295 1133 2576 1199; x_wconf 85' lang='lat' dir='ltr'><strong>converti</strong></span> <span class='ocrx_word' id='word_1_54' title='bbox 2601 1154 2738 1198; x_wconf 90' lang='lat' dir='ltr'><strong>eum</strong></span> 
     </span>
     <span class='ocr_line' id='line_1_9' title="bbox 720 1238 2740 1328; baseline 0 -24"><span class='ocrx_word' id='word_1_55' title='bbox 720 1241 801 1305; x_wconf 84' lang='lat' dir='ltr'><strong>ad</strong></span> <span class='ocrx_word' id='word_1_56' title='bbox 819 1240 882 1305; x_wconf 91' lang='lat' dir='ltr'><strong>id</strong></span> <span class='ocrx_word' id='word_1_57' title='bbox 917 1242 1089 1326; x_wconf 88' lang='lat' dir='ltr'><strong>quod</strong></span> <span class='ocrx_word' id='word_1_58' title='bbox 1115 1240 1354 1305; x_wconf 86' lang='lat' dir='ltr'><strong>honum</strong></span> <span class='ocrx_word' id='word_1_59' title='bbox 1375 1286 1394 1311; x_wconf 95' lang='lat'><strong>,</strong></span> <span class='ocrx_word' id='word_1_60' title='bbox 1426 1249 1535 1301; x_wconf 85' lang='lat' dir='ltr'><strong>aut</strong></span> <span class='ocrx_word' id='word_1_61' title='bbox 1560 1238 1734 1324; x_wconf 87' lang='lat' dir='ltr'><strong>quod</strong></span> <span class='ocrx_word' id='word_1_62' title='bbox 1765 1239 2003 1301; x_wconf 83' lang='lat' dir='ltr'><strong>maium</strong></span> <span class='ocrx_word' id='word_1_63' title='bbox 2028 1251 2141 1303; x_wconf 85' lang='lat' dir='ltr'><strong>est.</strong></span> <span class='ocrx_word' id='word_1_64' title='bbox 2180 1238 2397 1328; x_wconf 82' lang='lat' dir='ltr'><strong>Neque</strong></span> <span class='ocrx_word' id='word_1_65' title='bbox 2420 1240 2588 1305; x_wconf 91' lang='lat' dir='ltr'><strong>enim</strong></span> <span class='ocrx_word' id='word_1_66' title='bbox 2614 1261 2740 1328; x_wconf 78' lang='lat' dir='ltr'><strong>per·</strong></span> 
     </span>
     <span class='ocr_line' id='line_1_10' title="bbox 721 1342 2740 1433; baseline 0.001 -25"><span class='ocrx_word' id='word_1_67' title='bbox 721 1342 923 1411; x_wconf 77' lang='lat' dir='ltr'><strong>fectus</strong></span> <span class='ocrx_word' id='word_1_68' title='bbox 949 1347 1141 1410; x_wconf 89' lang='lat' dir='ltr'><strong>homo</strong></span> <span class='ocrx_word' id='word_1_69' title='bbox 1174 1347 1252 1410; x_wconf 86' lang='lat' dir='ltr'><strong>ad</strong></span> <span class='ocrx_word' id='word_1_70' title='bbox 1290 1345 1570 1418; x_wconf 82' lang='lat' dir='ltr'><strong>bonum;</strong></span> <span class='ocrx_word' id='word_1_71' title='bbox 1620 1355 1729 1407; x_wconf 90' lang='lat' dir='ltr'><strong>aut</strong></span> <span class='ocrx_word' id='word_1_72' title='bbox 1785 1344 1849 1408; x_wconf 90' lang='lat' dir='ltr'><strong>in</strong></span> <span class='ocrx_word' id='word_1_73' title='bbox 1890 1357 2155 1433; x_wconf 89' lang='lat' dir='ltr'><strong>peccato</strong></span> <span class='ocrx_word' id='word_1_74' title='bbox 2186 1347 2546 1422; x_wconf 88' lang='lat' dir='ltr'><strong>demersus,</strong></span> <span class='ocrx_word' id='word_1_75' title='bbox 2585 1358 2647 1411; x_wconf 92' lang='lat' dir='ltr'><strong>ct</strong></span> <span class='ocrx_word' id='word_1_76' title='bbox 2679 1366 2740 1410; x_wconf 86' lang='lat' dir='ltr'><strong>se</strong></span> 
     </span>
     <span class='ocr_line' id='line_1_11' title="bbox 722 1448 2744 1539; baseline -0.001 -23"><span class='ocrx_word' id='word_1_77' title='bbox 722 1448 928 1538; x_wconf 87' lang='lat' dir='ltr'><strong>ipsum</strong></span> <span class='ocrx_word' id='word_1_78' title='bbox 974 1451 1362 1517; x_wconf 86' lang='lat' dir='ltr'><strong>constituens</strong></span> <span class='ocrx_word' id='word_1_79' title='bbox 1395 1472 1503 1515; x_wconf 83' lang='lat' dir='ltr'><strong>vas</strong></span> <span class='ocrx_word' id='word_1_80' title='bbox 1539 1448 1774 1515; x_wconf 81' lang='lat' dir='ltr'><strong>diaboli</strong></span> <span class='ocrx_word' id='word_1_81' title='bbox 1799 1499 1818 1526; x_wconf 95' lang='lat'><strong>,</strong></span> <span class='ocrx_word' id='word_1_82' title='bbox 1870 1473 1904 1515; x_wconf 88' lang='lat' dir='ltr'><strong>a</strong></span> <span class='ocrx_word' id='word_1_83' title='bbox 1938 1473 2065 1539; x_wconf 90' lang='lat' dir='ltr'><strong>quo</strong></span> <span class='ocrx_word' id='word_1_84' title='bbox 2098 1464 2267 1517; x_wconf 85' lang='lat' dir='ltr'><strong>totus</strong></span> <span class='ocrx_word' id='word_1_85' title='bbox 2297 1454 2569 1518; x_wconf 85' lang='lat' dir='ltr'><strong>mundus</strong></span> <span class='ocrx_word' id='word_1_86' title='bbox 2593 1470 2744 1515; x_wconf 87' lang='lat' dir='ltr'><strong>con·</strong></span> 
     </span>
     <span class='ocr_line' id='line_1_12' title="bbox 723 1556 2743 1646; baseline 0 -25"><span class='ocrx_word' id='word_1_87' title='bbox 723 1556 1055 1626; x_wconf 84' lang='lat' dir='ltr'><strong>demnatus</strong></span> <span class='ocrx_word' id='word_1_88' title='bbox 1077 1569 1172 1625; x_wconf 85' lang='lat' dir='ltr'><strong>cst</strong></span> <span class='ocrx_word' id='word_1_89' title='bbox 1194 1609 1211 1634; x_wconf 94' lang='lat'><strong>,</strong></span> <span class='ocrx_word' id='word_1_90' title='bbox 1234 1560 1315 1624; x_wconf 84' lang='lat' dir='ltr'><strong>ad</strong></span> <span class='ocrx_word' id='word_1_91' title='bbox 1332 1557 1397 1624; x_wconf 84' lang='lat' dir='ltr'><strong>id</strong></span> <span class='ocrx_word' id='word_1_92' title='bbox 1415 1606 1433 1634; x_wconf 93' lang='lat'><strong>,</strong></span> <span class='ocrx_word' id='word_1_93' title='bbox 1462 1559 1635 1645; x_wconf 84' lang='lat' dir='ltr'><strong>quod</strong></span> <span class='ocrx_word' id='word_1_94' title='bbox 1658 1560 1897 1623; x_wconf 89' lang='lat' dir='ltr'><strong>malum</strong></span> <span class='ocrx_word' id='word_1_95' title='bbox 1921 1570 2016 1623; x_wconf 88' lang='lat' dir='ltr'><strong>est</strong></span> <span class='ocrx_word' id='word_1_96' title='bbox 2032 1605 2050 1633; x_wconf 96' lang='lat'><strong>,</strong></span> <span class='ocrx_word' id='word_1_97' title='bbox 2087 1557 2460 1624; x_wconf 83' lang='lat' dir='ltr'><strong>necessitate</strong></span> <span class='ocrx_word' id='word_1_98' title='bbox 2484 1558 2743 1646; x_wconf 77' lang='lat' dir='ltr'><strong>quadam</strong></span> 
     </span>
     <span class='ocr_line' id='line_1_13' title="bbox 725 1659 2748 1741; baseline -0.001 -11"><span class='ocrx_word' id='word_1_99' title='bbox 725 1666 1231 1741; x_wconf 50' lang='lat' dir='ltr'><strong>est-devinctum</strong></span> <span class='ocrx_word' id='word_1_100' title='bbox 1281 1659 1395 1730; x_wconf 66' lang='lat' dir='ltr'><strong>seil</strong></span> <span class='ocrx_word' id='word_1_101' title='bbox 1437 1666 1638 1730; x_wconf 86' lang='lat' dir='ltr'><strong>habet</strong></span> <span class='ocrx_word' id='word_1_102' title='bbox 1683 1665 1952 1731; x_wconf 83' lang='lat' dir='ltr'><strong>liberum</strong></span> <span class='ocrx_word' id='word_1_103' title='bbox 1993 1664 2353 1739; x_wconf 78' lang='lat' dir='ltr'><strong>arbitrium,</strong></span> <span class='ocrx_word' id='word_1_104' title='bbox 2397 1676 2468 1728; x_wconf 91' lang='lat' dir='ltr'><strong>ut</strong></span> <span class='ocrx_word' id='word_1_105' title='bbox 2514 1663 2624 1729; x_wconf 83' lang='lat' dir='ltr'><strong>fiat</strong></span> <span class='ocrx_word' id='word_1_106' title='bbox 2652 1683 2748 1727; x_wconf 72' lang='lat' dir='ltr'><strong>vas</strong></span> 
     </span>
     <span class='ocr_line' id='line_1_14' title="bbox 727 1766 2751 1850; baseline 0.001 -16"><span class='ocrx_word' id='word_1_107' title='bbox 727 1771 1052 1834; x_wconf 77' lang='lat' dir='ltr'><strong>electionis</strong></span> <span class='ocrx_word' id='word_1_108' title='bbox 1081 1783 1146 1833; x_wconf 91' lang='lat' dir='ltr'><strong>et</strong></span> <span class='ocrx_word' id='word_1_109' title='bbox 1166 1769 1327 1831; x_wconf 76' lang='lat' dir='ltr'><strong>vitm..</strong></span> <span class='ocrx_word' id='word_1_110' title='bbox 1360 1768 1674 1832; x_wconf 83' lang='lat' dir='ltr'><strong>Similiter</strong></span> <span class='ocrx_word' id='word_1_111' title='bbox 1692 1790 1729 1829; x_wconf 90' lang='lat' dir='ltr'><strong>e</strong></span> <span class='ocrx_word' id='word_1_112' title='bbox 1755 1787 2084 1837; x_wconf 88' lang='lat' dir='ltr'><strong>converso,</strong></span> <span class='ocrx_word' id='word_1_113' title='bbox 2113 1766 2220 1850; x_wconf 91' lang='lat' dir='ltr'><strong>qui</strong></span> <span class='ocrx_word' id='word_1_114' title='bbox 2252 1767 2592 1834; x_wconf 86' lang='lat' dir='ltr'><strong>Divinitate</strong></span> <span class='ocrx_word' id='word_1_115' title='bbox 2618 1777 2751 1836; x_wconf 67' lang='lat' dir='ltr'><strong>sunt</strong></span> 
     </span>
     <span class='ocr_line' id='line_1_15' title="bbox 728 1853 2753 1957; baseline 0 -22"><span class='ocrx_word' id='word_1_116' title='bbox 728 1871 1055 1946; x_wconf 88' lang='lat' dir='ltr'><strong>inebriati,</strong></span> <span class='ocrx_word' id='word_1_117' title='bbox 1098 1870 1247 1934; x_wconf 90' lang='lat' dir='ltr'><strong>licet</strong></span> <span class='ocrx_word' id='word_1_118' title='bbox 1276 1870 1447 1957; x_wconf 88' lang='lat' dir='ltr'><strong>pleni</strong></span> <span class='ocrx_word' id='word_1_119' title='bbox 1476 1868 1603 1931; x_wconf 87' lang='lat' dir='ltr'><strong>sint</strong></span> <span class='ocrx_word' id='word_1_120' title='bbox 1634 1889 1706 1931; x_wconf 89' lang='lat' dir='ltr'><strong>ac</strong></span> <span class='ocrx_word' id='word_1_121' title='bbox 1746 1867 2020 1932; x_wconf 83' lang='lat' dir='ltr'><strong>devincti</strong></span> <span class='ocrx_word' id='word_1_122' title='bbox 2065 1866 2305 1954; x_wconf 84' lang='lat' dir='ltr'><strong>Spiritu</strong></span> <span class='ocrx_word' id='word_1_123' title='bbox 2336 1879 2557 1932; x_wconf 84' lang='lat' dir='ltr'><strong>sancto</strong></span> <span class='ocrx_word' id='word_1_124' title='bbox 2579 1853 2604 1945; x_wconf 34' lang='lat'><strong>,⁴</strong></span> <span class='ocrx_word' id='word_1_125' title='bbox 2635 1894 2753 1936; x_wconf 86' lang='lat' dir='ltr'><strong>non</strong></span> 
     </span>
     <span class='ocr_line' id='line_1_16' title="bbox 728 1970 2756 2046; baseline 0.001 -7"><span class='ocrx_word' id='word_1_126' title='bbox 728 1986 938 2040; x_wconf 89' lang='lat' dir='ltr'><strong>tamen</strong></span> <span class='ocrx_word' id='word_1_127' title='bbox 962 1972 1489 2040; x_wconf 82' lang='lat' dir='ltr'><strong>necessitateulla</strong></span> <span class='ocrx_word' id='word_1_128' title='bbox 1515 1984 1817 2038; x_wconf 87' lang='lat' dir='ltr'><strong>tenentur</strong></span> <span class='ocrx_word' id='word_1_129' title='bbox 1838 2020 1855 2046; x_wconf 92' lang='lat'><strong>,</strong></span> <span class='ocrx_word' id='word_1_130' title='bbox 1885 1972 1995 2036; x_wconf 83' lang='lat' dir='ltr'><strong>sed</strong></span> <span class='ocrx_word' id='word_1_131' title='bbox 2025 1970 2297 2036; x_wconf 86' lang='lat' dir='ltr'><strong>liberum</strong></span> <span class='ocrx_word' id='word_1_132' title='bbox 2322 1972 2564 2040; x_wconf 83' lang='lat' dir='ltr'><strong>habent</strong></span> <span class='ocrx_word' id='word_1_133' title='bbox 2594 1977 2756 2041; x_wconf 82' lang='lat' dir='ltr'><strong>arbi-</strong></span> 
     </span>
    </p>
   </div>
   <div class='ocr_carea' id='block_1_5' title="bbox 728 2074 2751 2248">
    <p class='ocr_par' dir='ltr' id='par_1_5' title="bbox 728 2074 2751 2248">
     <span class='ocr_line' id='line_1_17' title="bbox 728 2074 2751 2167; baseline 0.004 -27"><span class='ocrx_word' id='word_1_134' title='bbox 728 2077 952 2152; x_wconf 86' lang='lat' dir='ltr'><strong>trium,</strong></span> <span class='ocrx_word' id='word_1_135' title='bbox 997 2088 1071 2140; x_wconf 83' lang='lat' dir='ltr'><strong>ut</strong></span> <span class='ocrx_word' id='word_1_136' title='bbox 1108 2088 1571 2144; x_wconf 83' lang='lat' dir='ltr'><strong>convertantur</strong></span> <span class='ocrx_word' id='word_1_137' title='bbox 1596 2089 1662 2142; x_wconf 92' lang='lat' dir='ltr'><strong>et</strong></span> <span class='ocrx_word' id='word_1_138' title='bbox 1697 2074 1930 2143; x_wconf 86' lang='lat' dir='ltr'><strong>saciant</strong></span> <span class='ocrx_word' id='word_1_139' title='bbox 1961 2075 2268 2165; x_wconf 85' lang='lat' dir='ltr'><strong>quidquid</strong></span> <span class='ocrx_word' id='word_1_140' title='bbox 2300 2078 2652 2167; x_wconf 84' lang='lat' dir='ltr'><strong>placuerit,</strong></span> <span class='ocrx_word' id='word_1_141' title='bbox 2694 2083 2751 2149; x_wconf 89' lang='lat' dir='ltr'><strong>in</strong></span> 
     </span>
     <span class='ocr_line' id='line_1_18' title="bbox 735 2181 1138 2248; baseline 0.007 -4"><span class='ocrx_word' id='word_1_142' title='bbox 735 2181 858 2244; x_wconf 84' lang='lat' dir='ltr'><strong>hoc</strong></span> <span class='ocrx_word' id='word_1_143' title='bbox 888 2182 1138 2248; x_wconf 81' lang='lat' dir='ltr'><strong>saeculo.</strong></span> 
     </span>
    </p>
   </div>
   <div class='ocr_carea' id='block_1_6' title="bbox 1482 2401 2027 2456">
    <p class='ocr_par' dir='ltr' id='par_1_6' title="bbox 1482 2401 2027 2456">
     <span class='ocr_line' id='line_1_19' title="bbox 1482 2401 2027 2456; baseline 0.002 -2"><span class='ocrx_word' id='word_1_144' title='bbox 1482 2401 2027 2456; x_wconf 74' lang='lat' dir='ltr'>INTERROGATIO.</span> 
     </span>
    </p>
   </div>
   <div class='ocr_carea' id='block_1_7' title="bbox 732 2599 2757 2895">
    <p class='ocr_par' dir='ltr' id='par_1_7' title="bbox 732 2599 2757 2895">
     <span class='ocr_line' id='line_1_20' title="bbox 816 2599 2757 2695; baseline 0.003 -28"><span class='ocrx_word' id='word_1_145' title='bbox 816 2599 987 2668; x_wconf 80' lang='lat' dir='ltr'><strong>XLI.-</strong></span> <span class='ocrx_word' id='word_1_146' title='bbox 1045 2600 1500 2666; x_wconf 60' lang='lat' dir='ltr'><strong>Paulatim-&gt;ne</strong></span> <span class='ocrx_word' id='word_1_147' title='bbox 1566 2616 1972 2665; x_wconf 73' lang='lat' dir='ltr'><strong>coeeenuawr</strong></span> <span class='ocrx_word' id='word_1_148' title='bbox 2025 2618 2086 2666; x_wconf 74' lang='grc' dir='ltr'><strong>οε</strong></span> <span class='ocrx_word' id='word_1_149' title='bbox 2137 2605 2541 2689; x_wconf 72' lang='lat' dir='ltr'><strong>eradicatur,</strong></span> <span class='ocrx_word' id='word_1_150' title='bbox 2597 2606 2757 2695; x_wconf 77' lang='lat' dir='ltr'><strong>quod</strong></span> 
     </span>
     <span class='ocr_line' id='line_1_21' title="bbox 732 2702 2757 2793; baseline 0.005 -26"><span class='ocrx_word' id='word_1_151' title='bbox 732 2706 994 2769; x_wconf 65' lang='lat' dir='ltr'><strong>vitalum</strong></span> <span class='ocrx_word' id='word_1_152' title='bbox 1024 2718 1146 2784; x_wconf 69' lang='lat' dir='ltr'><strong>cet,</strong></span> <span class='ocrx_word' id='word_1_153' title='bbox 1179 2719 1377 2787; x_wconf 74' lang='lat' dir='ltr'><strong>atque</strong></span> <span class='ocrx_word' id='word_1_154' title='bbox 1407 2704 1505 2766; x_wconf 74' lang='lat' dir='ltr'><strong>ita</strong></span> <span class='ocrx_word' id='word_1_155' title='bbox 1527 2726 1618 2791; x_wconf 78' lang='lat' dir='ltr'><strong>pr</strong></span> <span class='ocrx_word' id='word_1_156' title='bbox 1633 2702 1822 2789; x_wconf 72' lang='lat' dir='ltr'><strong>ofict‘t</strong></span> <span class='ocrx_word' id='word_1_157' title='bbox 1848 2702 2042 2767; x_wconf 74' lang='lat' dir='ltr'><strong>homo</strong></span> <span class='ocrx_word' id='word_1_158' title='bbox 2072 2709 2340 2793; x_wconf 64' lang='lat' dir='ltr'><strong>gnatia,-</strong></span> <span class='ocrx_word' id='word_1_159' title='bbox 2378 2734 2472 2773; x_wconf 79' lang='lat' dir='ltr'><strong>an</strong></span> <span class='ocrx_word' id='word_1_160' title='bbox 2513 2714 2757 2793; x_wconf 77' lang='lat' dir='ltr'><strong>statim,</strong></span> 
     </span>
     <span class='ocr_line' id='line_1_22' title="bbox 734 2804 2637 2895; baseline 0.004 -24"><span class='ocrx_word' id='word_1_161' title='bbox 734 2805 850 2871; x_wconf 73' lang='lat' dir='ltr'><strong>ubi</strong></span> <span class='ocrx_word' id='word_1_162' title='bbox 862 2826 1288 2895; x_wconf 75' lang='lat' dir='ltr'><strong>progressum</strong></span> <span class='ocrx_word' id='word_1_163' title='bbox 1306 2805 1572 2885; x_wconf 73' lang='lat' dir='ltr'><strong>feccrit,</strong></span> <span class='ocrx_word' id='word_1_164' title='bbox 1602 2804 1983 2891; x_wconf 75' lang='lat' dir='ltr'><strong>coett&#39;rpatur</strong></span> <span class='ocrx_word' id='word_1_165' title='bbox 2008 2808 2185 2891; x_wconf 80' lang='lat' dir='ltr'><strong>quod</strong></span> <span class='ocrx_word' id='word_1_166' title='bbox 2216 2814 2473 2878; x_wconf 81' lang='lat' dir='ltr'><strong>malum</strong></span> <span class='ocrx_word' id='word_1_167' title='bbox 2496 2816 2637 2882; x_wconf 74' lang='lat' dir='ltr'><strong>eet?</strong></span> 
     </span>
    </p>
   </div>
   <div class='ocr_carea' id='block_1_8' title="bbox 1575 3025 1966 3084">
    <p class='ocr_par' dir='ltr' id='par_1_8' title="bbox 1575 3025 1966 3084">
     <span class='ocr_line' id='line_1_23' title="bbox 1575 3025 1966 3084; baseline 0.015 -7"><span class='ocrx_word' id='word_1_168' title='bbox 1575 3025 1966 3084; x_wconf 71' lang='lat' dir='ltr'>RESPONSIO-</span> 
     </span>
    </p>
   </div>
   <div class='ocr_carea' id='block_1_9' title="bbox 623 3217 2762 3942">
    <p class='ocr_par' dir='ltr' id='par_1_9' title="bbox 623 3217 2762 3942">
     <span class='ocr_line' id='line_1_24' title="bbox 830 3217 2761 3311; baseline 0.008 -30"><span class='ocrx_word' id='word_1_169' title='bbox 830 3217 1398 3298; x_wconf 81' lang='lat' dir='ltr'><strong>Quemadmodum</strong></span> <span class='ocrx_word' id='word_1_170' title='bbox 1416 3218 1617 3286; x_wconf 79' lang='lat' dir='ltr'><strong>infans</strong></span> <span class='ocrx_word' id='word_1_171' title='bbox 1642 3220 2050 3311; x_wconf 80' lang='lat' dir='ltr'><strong>imperfectus</strong></span> <span class='ocrx_word' id='word_1_172' title='bbox 2073 3223 2139 3289; x_wconf 93' lang='lat' dir='ltr'><strong>in</strong></span> <span class='ocrx_word' id='word_1_173' title='bbox 2162 3236 2345 3293; x_wconf 86' lang='lat' dir='ltr'><strong>utero</strong></span> <span class='ocrx_word' id='word_1_174' title='bbox 2371 3246 2502 3293; x_wconf 89' lang='lat' dir='ltr'><strong>non</strong></span> <span class='ocrx_word' id='word_1_175' title='bbox 2523 3229 2761 3297; x_wconf 71' lang='lat' dir='ltr'><strong>confes-</strong></span> 
     </span>
     <span class='ocr_line' id='line_1_25' title="bbox 623 3311 2762 3425; baseline 0.005 -36"><span class='ocrx_word' id='word_1_176' title='bbox 623 3419 626 3422; x_wconf 10' lang='lat'><em>*</em></span> <span class='ocrx_word' id='word_1_177' title='bbox 746 3325 861 3391; x_wconf 85' lang='lat' dir='ltr'><strong>tim</strong></span> <span class='ocrx_word' id='word_1_178' title='bbox 898 3326 965 3391; x_wconf 88' lang='lat' dir='ltr'><strong>in</strong></span> <span class='ocrx_word' id='word_1_179' title='bbox 996 3311 1325 3394; x_wconf 79' lang='lat' dir='ltr'><strong>hominem</strong></span> <span class='ocrx_word' id='word_1_180' title='bbox 1351 3329 1705 3395; x_wconf 84' lang='lat' dir='ltr'><strong>concrescit</strong></span> <span class='ocrx_word' id='word_1_181' title='bbox 1723 3354 1742 3405; x_wconf 70' lang='grc' dir='ltr'><strong><em>ς</em></strong></span> <span class='ocrx_word' id='word_1_182' title='bbox 1776 3329 1888 3396; x_wconf 85' lang='lat' dir='ltr'><strong>sed</strong></span> <span class='ocrx_word' id='word_1_183' title='bbox 1920 3332 2223 3420; x_wconf 86' lang='lat' dir='ltr'><strong>paulatim</strong></span> <span class='ocrx_word' id='word_1_184' title='bbox 2250 3331 2519 3401; x_wconf 83' lang='lat' dir='ltr'><strong>sormam</strong></span> <span class='ocrx_word' id='word_1_185' title='bbox 2548 3335 2762 3425; x_wconf 82' lang='lat' dir='ltr'><strong>recipit</strong></span> 
     </span>
     <span class='ocr_line' id='line_1_26' title="bbox 748 3432 2759 3524; baseline 0.006 -29"><span class='ocrx_word' id='word_1_186' title='bbox 748 3444 812 3495; x_wconf 89' lang='lat' dir='ltr'><strong>et</strong></span> <span class='ocrx_word' id='word_1_187' title='bbox 839 3432 1119 3521; x_wconf 81' lang='lat' dir='ltr'><strong>gignitur</strong></span> <span class='ocrx_word' id='word_1_188' title='bbox 1140 3457 1160 3509; x_wconf 68' lang='grc' dir='ltr'>ς</span> <span class='ocrx_word' id='word_1_189' title='bbox 1194 3454 1400 3522; x_wconf 90' lang='lat' dir='ltr'><strong>neque</strong></span> <span class='ocrx_word' id='word_1_190' title='bbox 1425 3435 1728 3501; x_wconf 86' lang='lat' dir='ltr'><strong>continuo</strong></span> <span class='ocrx_word' id='word_1_191' title='bbox 1752 3436 2067 3524; x_wconf 79' lang='lat' dir='ltr'><strong>perfectus</strong></span> <span class='ocrx_word' id='word_1_192' title='bbox 2092 3436 2287 3504; x_wconf 84' lang='lat' dir='ltr'><strong>homo</strong></span> <span class='ocrx_word' id='word_1_193' title='bbox 2317 3452 2448 3517; x_wconf 87' lang='lat' dir='ltr'><strong>est,</strong></span> <span class='ocrx_word' id='word_1_194' title='bbox 2471 3441 2584 3507; x_wconf 84' lang='lat' dir='ltr'><strong>sed</strong></span> <span class='ocrx_word' id='word_1_195' title='bbox 2605 3444 2759 3509; x_wconf 84' lang='lat' dir='ltr'><strong>mul·-</strong></span> 
     </span>
     <span class='ocr_line' id='line_1_27' title="bbox 748 3540 2758 3633; baseline 0.006 -32"><span class='ocrx_word' id='word_1_196' title='bbox 748 3548 960 3603; x_wconf 86' lang='lat' dir='ltr'><strong>torum</strong></span> <span class='ocrx_word' id='word_1_197' title='bbox 987 3540 1248 3633; x_wconf 79' lang='lat' dir='ltr'><strong>demum</strong></span> <span class='ocrx_word' id='word_1_198' title='bbox 1273 3540 1584 3608; x_wconf 78' lang='lat' dir='ltr'><strong>annorum</strong></span> <span class='ocrx_word' id='word_1_199' title='bbox 1619 3546 1894 3611; x_wconf 86' lang='lat' dir='ltr'><strong>decursu</strong></span> <span class='ocrx_word' id='word_1_200' title='bbox 1925 3542 2390 3613; x_wconf 84' lang='lat' dir='ltr'><strong>incrementum</strong></span> <span class='ocrx_word' id='word_1_201' title='bbox 2423 3550 2613 3614; x_wconf 83' lang='lat' dir='ltr'><strong>sumit</strong></span> <span class='ocrx_word' id='word_1_202' title='bbox 2630 3597 2648 3625; x_wconf 91' lang='lat'><strong>,</strong></span> <span class='ocrx_word' id='word_1_203' title='bbox 2672 3559 2758 3614; x_wconf 82' lang='lat' dir='ltr'><strong>at·-</strong></span> 
     </span>
     <span class='ocr_line' id='line_1_28' title="bbox 754 3638 2758 3734; baseline 0.005 -28"><span class='ocrx_word' id='word_1_204' title='bbox 754 3664 880 3730; x_wconf 87' lang='lat' dir='ltr'><strong>que</strong></span> <span class='ocrx_word' id='word_1_205' title='bbox 912 3643 978 3708; x_wconf 92' lang='lat' dir='ltr'><strong>in</strong></span> <span class='ocrx_word' id='word_1_206' title='bbox 1014 3638 1227 3715; x_wconf 64' lang='lat' dir='ltr'><strong>otifum</strong></span> <span class='ocrx_word' id='word_1_207' title='bbox 1260 3649 1506 3725; x_wconf 77' lang='lat' dir='ltr'><strong>evadit,</strong></span> <span class='ocrx_word' id='word_1_208' title='bbox 1532 3661 1751 3734; x_wconf 89' lang='lat' dir='ltr'><strong>estque</strong></span> <span class='ocrx_word' id='word_1_209' title='bbox 1784 3649 1955 3713; x_wconf 82' lang='lat' dir='ltr'><strong>velut</strong></span> <span class='ocrx_word' id='word_1_210' title='bbox 1991 3649 2230 3715; x_wconf 84' lang='lat' dir='ltr'><strong>semina</strong></span> <span class='ocrx_word' id='word_1_211' title='bbox 2264 3652 2488 3719; x_wconf 82' lang='lat' dir='ltr'><strong>hordei</strong></span> <span class='ocrx_word' id='word_1_212' title='bbox 2530 3667 2639 3720; x_wconf 86' lang='lat' dir='ltr'><strong>aut</strong></span> <span class='ocrx_word' id='word_1_213' title='bbox 2667 3650 2758 3717; x_wconf 87' lang='lat' dir='ltr'><strong>tri-</strong></span> 
     </span>
     <span class='ocr_line' id='line_1_29' title="bbox 754 3745 2753 3848; baseline 0.008 -36"><span class='ocrx_word' id='word_1_214' title='bbox 754 3745 868 3813; x_wconf 91' lang='lat' dir='ltr'><strong>tici</strong></span> <span class='ocrx_word' id='word_1_215' title='bbox 902 3798 918 3824; x_wconf 92' lang='lat'><strong>,</strong></span> <span class='ocrx_word' id='word_1_216' title='bbox 961 3772 1103 3837; x_wconf 83' lang='lat' dir='ltr'><strong>quae</strong></span> <span class='ocrx_word' id='word_1_217' title='bbox 1149 3751 1211 3815; x_wconf 85' lang='lat' dir='ltr'><strong>in</strong></span> <span class='ocrx_word' id='word_1_218' title='bbox 1248 3763 1482 3818; x_wconf 86' lang='lat' dir='ltr'><strong>terram</strong></span> <span class='ocrx_word' id='word_1_219' title='bbox 1523 3752 1814 3838; x_wconf 87' lang='lat' dir='ltr'><strong>conjecta</strong></span> <span class='ocrx_word' id='word_1_220' title='bbox 1850 3773 1979 3817; x_wconf 90' lang='lat' dir='ltr'><strong>non</strong></span> <span class='ocrx_word' id='word_1_221' title='bbox 2014 3755 2225 3820; x_wconf 82' lang='lat' dir='ltr'><strong>statim</strong></span> <span class='ocrx_word' id='word_1_222' title='bbox 2264 3758 2508 3824; x_wconf 87' lang='lat' dir='ltr'><strong>radices</strong></span> <span class='ocrx_word' id='word_1_223' title='bbox 2544 3767 2753 3848; x_wconf 64' lang='lat' dir='ltr'><strong>agunta</strong></span> 
     </span>
     <span class='ocr_line' id='line_1_30' title="bbox 746 3853 2757 3942; baseline 0.005 -27"><span class='ocrx_word' id='word_1_224' title='bbox 746 3870 966 3917; x_wconf 85' lang='lat' dir='ltr'><strong>verum</strong></span> <span class='ocrx_word' id='word_1_225' title='bbox 990 3853 1100 3918; x_wconf 88' lang='lat' dir='ltr'><strong>ubi</strong></span> <span class='ocrx_word' id='word_1_226' title='bbox 1124 3856 1543 3942; x_wconf 58' lang='lat' dir='ltr'><strong>praeterierint</strong></span> <span class='ocrx_word' id='word_1_227' title='bbox 1565 3855 1827 3942; x_wconf 81' lang='lat' dir='ltr'><strong>hyemes</strong></span> <span class='ocrx_word' id='word_1_228' title='bbox 1854 3867 1920 3921; x_wconf 86' lang='lat' dir='ltr'><strong>et</strong></span> <span class='ocrx_word' id='word_1_229' title='bbox 1936 3858 2137 3934; x_wconf 84' lang='lat' dir='ltr'><strong>venti,</strong></span> <span class='ocrx_word' id='word_1_230' title='bbox 2167 3871 2300 3928; x_wconf 88' lang='lat' dir='ltr'><strong>tum</strong></span> <span class='ocrx_word' id='word_1_231' title='bbox 2326 3863 2584 3933; x_wconf 86' lang='lat' dir='ltr'><strong>demum</strong></span> <span class='ocrx_word' id='word_1_232' title='bbox 2602 3882 2757 3928; x_wconf 89' lang='lat' dir='ltr'><strong>com-</strong></span> 
     </span>
    </p>
   </div>
   <div class='ocr_carea' id='block_1_10' title="bbox 737 3957 2760 4060">
    <p class='ocr_par' dir='ltr' id='par_1_10' title="bbox 737 3957 2760 4060">
     <span class='ocr_line' id='line_1_31' title="bbox 737 3957 2760 4060; baseline 0.004 -36"><span class='ocrx_word' id='word_1_233' title='bbox 737 3957 931 4024; x_wconf 87' lang='lat' dir='ltr'><strong>modo</strong></span> <span class='ocrx_word' id='word_1_234' title='bbox 954 3969 1243 4047; x_wconf 89' lang='lat' dir='ltr'><strong>tempore</strong></span> <span class='ocrx_word' id='word_1_235' title='bbox 1274 3962 1460 4049; x_wconf 85' lang='lat' dir='ltr'><strong>spicae</strong></span> <span class='ocrx_word' id='word_1_236' title='bbox 1510 3973 1900 4028; x_wconf 87' lang='lat' dir='ltr'><strong>enascuntur</strong></span> <span class='ocrx_word' id='word_1_237' title='bbox 1933 3985 1948 4027; x_wconf 72' lang='grc' dir='ltr'><em>τ</em></span> <span class='ocrx_word' id='word_1_238' title='bbox 1987 3962 2136 4031; x_wconf 89' lang='lat' dir='ltr'><strong>item</strong></span> <span class='ocrx_word' id='word_1_239' title='bbox 2157 4016 2173 4044; x_wconf 87' lang='lat'><strong>,</strong></span> <span class='ocrx_word' id='word_1_240' title='bbox 2205 3968 2310 4053; x_wconf 89' lang='lat' dir='ltr'><strong>qui</strong></span> <span class='ocrx_word' id='word_1_241' title='bbox 2345 3990 2572 4060; x_wconf 80' lang='lat' dir='ltr'><strong>pyrum</strong></span> <span class='ocrx_word' id='word_1_242' title='bbox 2590 3971 2760 4059; x_wconf 87' lang='lat' dir='ltr'><strong>plan-</strong></span> 
     </span>
    </p>
   </div>
  </div>
 </body>
</html>
