2982 4885
2234 402 2361 432 Ἣ

1024 534 1205 579 unna
1247 533 1327 578 nn
1375 531 1744 581 mansites.
2278 513 2406 584 565
2434 554 2439 559 -

372 652 632 721 Gtaecus
645 663 858 718 autem
873 671 1197 737 nunquam
1212 648 1331 717 erit
1346 669 1558 733 senex,
1577 661 1686 714 aut
1701 647 2019 736 antiquus,
2034 672 2245 741 neque
2260 654 2409 746 ὼς.

369 760 602 824 trinam
632 757 940 845 aliquam,
983 767 1094 819 aut
1122 754 1452 823 scientiam
1485 753 1734 822 habetis
1771 756 2134 844 antiquam.
2179 758 2293 824 sed
2324 754 2408 831 ab

368 864 504 933 aliis
541 876 784 951 raptam
814 873 1001 948 atque
1033 858 1293 937 invisam
1320 860 1567 936 habetis
1587 909 1605 936 ,
1632 882 1905 949 eamque
1934 859 2195 929 diversi·
2216 885 2406 933 meu-

367 966 564 1032 daciis
595 967 992 1031 immutatam
1025 964 1355 1052 exponitis,
1389 952 1580 1052 atque
1609 952 1693 1053 ita
1715 964 2011 1037 homines
2033 966 2333 1033 edocetis.
2363 996 2388 1024 ι»

364 1070 541 1138 Plato
574 1071 744 1137 enim
779 1071 841 1135 in
884 1072 1120 1136 Timaeo
1160 1070 1244 1136 ita
1282 1068 1547 1135 dictitat.
1594 1059 1756 1135 Nam
1787 1082 1929 1159 post
1963 1070 2403 1137 confusionem

365 1179 721 1266 linguarum
748 1190 897 1241 tunc
925 1177 1181 1241 nomina
1218 1177 1461 1240 diversa
1489 1164 1824 1264 coeperunt
1852 1199 2182 1259 emanare,
2212 1190 2401 1266 atque

364 1284 510 1351 inde
551 1295 873 1348 sumentes
918 1281 1124 1346 Graeci
1170 1280 1655 1370 historiographi
1688 1283 1815 1347 duo
1848 1296 1957 1348 aut
1989 1295 2115 1348 tres
2153 1282 2398 1349 diversa

364 1392 534 1457 velut
595 1388 984 1455 monimenta
1047 1386 1525 1450 conscribentes
1570 1434 1589 1460 ,
1647 1387 2179 1476 temporalitatem
2250 1409 2399 1452 cum

361 1515 540 1558 suam
572 1494 795 1558 volunt
816 1491 1224 1565 obumbrare,
1251 1503 1438 1578 atque
1468 1492 1889 1568 abscondere,
1917 1515 1950 1557 a
1980 1490 2108 1556 suis
2134 1490 2402 1556 testibus

362 1596 833 1664 mendacissimi
865 1594 1130 1682 judicati
1162 1608 1309 1660 sunt
1347 1608 1539 1683 atque
1563 1595 1980 1685 comprobati.
2032 1594 2194 1659 Cum
2230 1592 2403 1658 enim

361 1702 812 1790 quinquaginta
849 1703 926 1765 de
974 1700 1121 1790 ipsis
1162 1701 1571 1766 consentiunt
1607 1701 1686 1767 de
1731 1700 2105 1789 antiquitate
2137 1712 2349 1764 nostra
2374 1746 2393 1773 ,

361 1805 428 1873 id
469 1819 604 1881 est,
643 1805 874 1879 Graeci,
926 1804 1227 1894 AEgyptii,
1277 1805 1593 1881 Chaldaei,
1644 1804 1828 1895 Syri,
1877 1806 2005 1871 duo
2043 1816 2256 1871 autem
2289 1813 2401 1867 aut

358 1923 485 1977 tres
508 1909 887 1977 dissentiunt
903 1959 919 1982 ‚
943 1909 1173 1996 justius
1194 1924 1290 1975 est
1312 1911 1529 1975 multis
1553 1912 2051 1977 consonantibus
2074 1910 2138 1977 in
2161 1930 2364 1975 unum
2391 1964 2407 1980 .

355 2037 547 2104 quam
568 2016 819 2082 duobus
850 2025 957 2080 aut
982 2014 1187 2079 tribus
1217 2014 1693 2082 dissonantibus
1724 2012 2244 2107 historiographis
2280 2034 2394 2082 ac-

356 2123 705 2212 quiescere.
736 2120 883 2208 quia
911 2120 1097 2186 multi
1125 2106 1217 2184 illi
1239 2121 1449 2186 verius
1480 2143 1675 2207 quam
1708 2121 2219 2191 duoedixerunt.

863 2283 1051 2333 xcttr.
1093 2283 1404 2334 uAEntsts
1439 2286 1529 2334 m:
1561 2284 1876 2339 mnuvto.

445 2474 572 2540 Est·
610 2485 676 2539 et
703 2472 956 2538 haeresis
979 2517 998 2546 .
1028 2493 1168 2558 quae
1192 2471 1349 2536 dicit
1379 2472 1499 2537 sub
1534 2472 1924 2538 Deucalione
1944 2473 2273 2561 et·Phyrra
2301 2476 2396 2546 di-

359 2580 596 2645 luvium
637 2577 830 2642 fuisse
865 2575 1207 2663 antiquius,
1247 2593 1436 2663 quam
1475 2576 1652 2663 quod
1677 2577 1795 2642 sub
1834 2576 1972 2643 No&
2004 2577 2244 2643 factum
2266 2591 2387 2645 est.

359 2681 551 2762 Quod
573 2680 797 2770 pagani
832 2680 1279 2746 transferentes
1302 2680 1560 2746 mutatis
1583 2681 1948 2749 nominibus
1970 2680 2169 2770 impio
2198 2683 2393 2748 modo

331 2787 424 2851 'et
467 2808 679 2850 arcam
709 2787 882 2851 velut
925 2785 988 2849 in
1023 2785 1265 2853 Graecia
1310 2785 1503 2852 fuisse
1539 2798 1681 2874 post
1713 2786 2018 2851 diluvium
2050 2797 2342 2852 asserunt
2366 2831 2387 2861 ,

357 2902 424 2955 et
452 2892 623 2977 quod
657 2900 755 2955 est
785 2888 1267 2978 temporalitatis
1300 2890 1363 2955 in
1406 2890 1763 2978 paganitate
1790 2889 2120 2956 vanissima
2140 2939 2160 2966 ,
2195 2891 2274 2956 ab
2298 2889 2391 2956 eia

357 2997 530 3060 velut
544 2993 889 3082 „antiquum
915 3016 1065 3059 cum
1088 2993 1299 3059 ⁴multo
1321 2995 1659 3060 mendacio
1677 2996 2076 3085 praedicatur.
2113 2995 2194 3063 Et
2216 2995 2391 3083 quod

357 3097 596 3166 fictum
624 3112 721 3166 est
751 3101 813 3166 in
846 3098 1166 3165 Thessalia
1199 3101 1341 3164 loco
1377 3100 1552 3166 brevi
1573 3148 1591 3175 ,
1619 3103 1794 3167 velut
1828 3102 2070 3168 sactum
2105 3102 2346 3188 ubique
2366 3147 2387 3175 .

357 3201 421 3268 id
450 3215 569 3279 est,
604 3205 667 3268 in
700 3206 940 3270 mundo
971 3226 1006 3269 a
1039 3204 1294 3292 paganis
1323 3205 1648 3271 furacibus
1677 3207 2005 3271 edocetur.
2045 3203 2240 3282 Quod
2269 3200 2392 3267 suit

354 3301 609 3392 quidem
643 3319 787 3395 post
810 3330 1007 3372 annos
1031 3308 1095 3371 in
1115 3308 1171 3373 T
1174 3308 1462 3384 hasalia,
1493 3311 1558 3376 in
1589 3313 1731 3374 loco
1756 3309 2077 3372 interdum
2100 3304 2389 3379 modico.

354 3410 510 3478 illud
540 3424 750 3477 autem
784 3412 1091 3479 diluvium
1113 3412 1179 3477 in
1209 3415 1383 3478 omni
1414 3416 1645 3480 saecnlo
1674 3413 1915 3479 factum
1944 3423 2043 3476 est
2066 3457 2085 3484 ‚
2108 3408 2291 3476 -sicut
2319 3420 2390 3475 et

351 3537 574 3582 eorum
609 3517 919 3604 scriptura
948 3527 1214 3583 testatur
1235 3517 1588 3606 gentilium.

371 3725 534 3777 xcv.
569 3722 885 3788 umnam-s
919 3723 1013 3776 nn
1045 3714 1277 3788 ‘smms
1309 3725 1602 3786 nomam
1638 3721 1739 3779 ιτ
1764 3723 1955 3778 earu
1992 3723 2362 3791 nomnen.

433 3906 597 3975 Asu
622 3921 720 3975 est
742 3907 1022 3984 haeresis,
1041 3931 1184 3998 quae
1202 3909 1356 3975 dicit
1370 3909 1726 3977 secundum
1754 3907 2098 3976 duodecim
2125 3895 2392 3980 Zodinet

345 4011 520 4103 signa
533 4014 712 4081 nasci
723 4014 1037 4091 homines,
1063 4015 1231 4083 sicut
1250 4013 1683 4089 mathematici
1706 4013 1796 4083 illi
1809 4013 2152 4106 vanissimi,
2172 4014 2392 4086 totius-
