2982 4885
688 446 816 515 560
1297 488 1304 495 ·
1477 462 1526 504 s.
1583 461 1931 509 rnrtss‘rnn

689 603 835 648 rum
862 602 878 643 τ
922 605 947 636 α
971 574 1220 641 Induite
1252 574 1575 641 Christum
1606 575 1827 643 «lesum
1847 577 1892 643 ¹.
1935 606 1961 638 ι
1999 578 2080 643 Et
2102 581 2278 665 quod
2312 581 2628 652 Dominus
2657 589 2719 654 in

692 682 1031 772 Evangelio
1065 681 1348 768 increpat
1373 728 1392 754 ,
1427 680 1642 745 dicens
1665 681 1752 745 illi
1787 682 1895 768 qui
1923 701 2051 746 non
2086 683 2536 754 indumentum
2558 714 2721 781 nup-

689 791 832 856 tiale
863 785 1125 879 habuit,
1157 785 1265 872 qui
1294 797 1429 852 erat
1447 797 1712 852 vocatus
1737 789 1818 852 ad
1851 787 2124 875 nuptias.

1564 979 1860 1031 Lxxx1x.

765 1159 888 1224 'Es-r
912 1154 1168 1222 haeresis
1191 1175 1332 1241 quae
1355 1173 1505 1217 cum
1529 1154 1702 1219 audit
1725 1155 1786 1218 in
1814 1155 2047 1221 Genesi
2063 1160 2239 1243 quod
2252 1157 2562 1225 Dominus
2575 1165 2709 1250 pel-

686 1263 862 1329 licias
891 1259 1136 1328 tunicas
1170 1271 1312 1347 post
1351 1259 1931 1345 praevaricationem
1981 1275 2228 1328 nostros
2260 1279 2553 1353 parentes
2586 1291 2708 1334 ves·

689 1368 856 1444 tiri²‚
892 1366 1208 1432 aestimant
1237 1386 1502 1453 corpora
1540 1377 1692 1429 tunc
1726 1368 2031 1457 temporis
2068 1368 2327 1445 secisse,
2360 1392 2587 1457 eosque
2618 1374 2705 1438 sic

689 1474 966 1540 induisse
983 1521 1002 1545 ‚
1043 1494 1191 1537 cum
1210 1469 1477 1557 septimo
1508 1470 1611 1535 die
1634 1469 1959 1559 Scriptura
1993 1473 2223 1539 dixerit
2246 1476 2557 1564 accepisse
2576 1477 2708 1542 Do-

694 1578 941 1647 minum
978 1588 1211 1641 terram
1242 1573 1321 1639 de
1360 1574 1513 1638 limo
1544 1585 1610 1640 et
1651 1576 1989 1662 plasmasse
2028 1581 2404 1644 eorumdem
2449 1603 2704 1669 corpora

684 1695 871 1770 atque
897 1682 983 1746 ita
1013 1678 1295 1745 mulieris
1319 1700 1575 1745 carnem
1595 1681 1676 1744 de
1698 1693 1871 1746 costa
1896 1684 2050 1748 Adae
2064 1685 2281 1771 postea
2306 1686 2700 1773 perfecisse⁸.

684 1789 822 1853 Non
866 1807 1014 1874 ergo
1060 1784 1164 1850 hic
1204 1804 1468 1872 corpora
1498 1805 1719 1850 eorum
1753 1787 2029 1873 pellicias
2062 1791 2308 1856 tunicas
2338 1792 2704 1868 nuntiabat,

681 1894 793 1957 sed
825 1894 905 1956 de
935 1888 1214 1977 potentia
1252 1888 1460 1952 divina
1494 1890 1741 1955 dedisse
1766 1892 1868 1983 *eis
1898 1894 2264 1981 sapientiam
2303 1897 2667 1962 declarabat
2688 1948 2707 1973 ‚

689 2007 760 2059 ut
806 1994 1087 2061 facerent
1125 1989 1242 2055 sibi
1286 2012 1625 2077 corporum
1666 1993 2071 2073 indumenta,
2117 2011 2182 2062 nt
2210 1998 2513 2084 scriptum
2548 2012 2650 2064 est
2687 2026 2704 2066 t

703 2127 727 2158 ι
759 2095 918 2176 Quis
941 2092 1116 2159 dedit
1135 2092 1509 2158 mulieribus
1533 2097 1903 2184 sapientiam
1930 2104 2011 2166 ad
2032 2104 2318 2167 texendas
2340 2103 2641 2170 tunicas?
2667 2135 2696 2167 ι

692 2199 761 2265 Si
789 2211 1002 2264 autem
1038 2196 1179 2283 quis
1211 2196 1481 2262 voluerit
1512 2200 1799 2288 accipere
1828 2208 2001 2290 quod
2027 2206 2333 2271 Dominus
2364 2206 2589 2273 fecerit
2616 2211 2703 2276 eis

680 2306 924 2370 tunicas
943 2352 963 2379 ‚
990 2314 1054 2368 et
1075 2300 1496 2388 Omnipotens
1515 2303 1667 2381 fecit
1695 2330 1774 2372 ex
1799 2309 1998 2375 nihilo
2024 2314 2196 2398 quod
2229 2312 2539 2401 scriptum
2568 2328 2697 2380 est:

701 2439 725 2471 ι
768 2409 896 2488 Qui
937 2419 1123 2475 vocat
1154 2428 1234 2472 cx
1274 2407 1475 2474 nihilo
1521 2432 1596 2475 ea
1643 2435 1783 2499 quae
1826 2437 1953 2480 non
1995 2430 2177 2493 sunt,
2228 2430 2527 2506 tanquam
2569 2442 2700 2508 quae

675 2516 920 2580 αωοβ.
959 2542 985 2574 ι
1034 2513 1099 2579 Si
1127 2535 1278 2601 ergo
1305 2536 1415 2579 sua
1445 2517 1749 2606 sapientia
1782 2520 1933 2585 fecit
1969 2522 2218 2589 tunicas
2245 2576 2262 2600 ,
2314 2537 2387 2589 ut
2423 2525 2509 2589 ait
2546 2524 2702 2590 Pro-

684 2620 873 2708 pheta
898 2669 915 2694 ,
948 2618 1208 2683 rationis
1238 2630 1368 2692 ests
1403 2618 1532 2685 sive
1556 2621 1725 2688 Deus
1746 2643 1858 2688 sua
1881 2625 2120 2692 virtute
2155 2628 2283 2693 hoc
2319 2630 2439 2694 illis
2463 2629 2726 2717 praesti·⁸

687 2727 872 2799 terit,
922 2746 1050 2788 non
1091 2722 1361 2789 irritum.
1406 2724 1566 2792 Nam
1605 2727 1668 2790 in
1711 2730 1949 2817 templo
1993 2731 2293 2800 mulieres
2330 2746 2394 2799 et
2438 2733 2698 2823 virgines

678 2828 1107 2918 operabantur
1145 2851 1491 2919 purpuram
1520 2879 1539 2905 ,
1573 2844 1639 2896 et
1678 2832 1941 2920 byssum
1971 2884 1989 2911 ‚
2040 2848 2107 2901 et
2149 2837 2382 2903 linnm‘
2409 2887 2427 2917 ‚
2471 2851 2536 2902 et
2564 2838 2693 2924 ¹alia

663 2933 951 2998 utensilia
986 2932 1067 2998 ad
1095 2934 1403 3000 honorem
1433 2933 1656 3023 ‘templi
1688 2949 1874 3024 atque
1919 2942 2091 3026 quod
2124 2942 2536 3029 perimentum
2561 2960 2690 3025 pa-

630 3041 639 3054 '
674 3038 825 3103 riter
844 3037 1035 3104 etiam
1056 3052 1426 3116 ornamenta
1457 3042 1677 3129 templi
1709 3042 1953 3109 diversa
1985 3056 2052 3142 et
2074 3046 2259 3111 varia.
2325 3047 2337 3056 ⁴

850 3259 965 3314 XC.
1003 3258 1313 3312 flAEnEsls
1348 3258 1629 3311 emmam
1665 3259 2012 3346 Flmon'um
2050 3265 2124 3316 IN
2157 3264 2505 3318 PARENTES

1387 3356 1957 3414 TRANSFUNDENS.

746 3538 870 3603 Esr
907 3533 1182 3606 haeresis,
1221 3530 1441 3619 quaein
1465 3531 1685 3598 Exodo
1711 3553 1857 3598 cum
1888 3537 2065 3600 audit
2087 3539 2258 3622 quod
2292 3537 2445 3604 Mosi
2467 3558 2691 3601 occur-

649 3644 804 3709 rerit
823 3641 1100 3727 Angelus
1124 3637 1188 3702 in
1221 3636 1563 3702 diversorio
1595 3638 1706 3702 ubi
1731 3638 2154 3727 applicaverat
2175 3640 2226 3715 ⁸,
2255 3663 2528 3727 eumque
2550 3641 2693 3706 vel-

650 3747 741 3816 let
772 3743 1156 3817 interficere,
1187 3764 1316 3806 non
1343 3741 1482 3827 ejus
1515 3740 1714 3807 filium
1734 3743 1839 3829 qui
1866 3745 2151 3808 nondum
2180 3743 2387 3809 suerat
2408 3745 2697 3809 circum-

721 3899 733 3920 ·
761 3883 908 3932 Rom.
931 3896 1042 3935 xm.
1069 3881 1144 3941 ιζ.
1168 3905 1230 3917 -
1251 3893 1272 3917 ·
1308 3878 1439 3928 Gen.
1465 3849 1546 3939 ur,
1571 3893 1647 3928 n.
1671 3852 1874 3931 -2'1d.
1902 3896 1961 3940 n,
1982 3896 2013 3946 7
2037 3887 2084 3932 et
2105 3896 2266 3932 at.-
2294 3884 2316 3923 ⁴
2342 3881 2486 3935 Rom.
2510 3895 2584 3941 nv,
2614 3895 2695 3946 ¹7·

648 3987 712 4000 —
736 3964 755 3996 ⁸
778 3960 933 4012 Exod.
961 3976 1108 4020 xxxv,
1132 3961 1214 4035 εξ,
1233 3984 1291 4037 ἶ-
1316 3959 1341 4038 ⁶.
1369 3956 1444 4012 ld.
1472 3974 1544 4025 tv,
1566 3957 1640 4040 ah.
2133 3957 2141 3964 '
