2982 4885
700 521 741 558 Ο
1029 446 1285 497 nomm
1334 447 1523 495 nvn.
2165 429 2296 520 ²87

270 559 961 661 »plenitudinem'Dei
1008 565 1056 630 ¹.
1116 593 1143 628 ι
1200 564 1647 655 Contemplare
1700 588 1927 633 arcana
1982 571 2298 658 mysteriae

274 677 529 750 animae,
565 697 597 739 a
637 695 758 761 qua
793 669 998 735 aufert
1038 669 1346 734 Dominus
1379 669 1819 735 incumbentes
1853 674 2143 738 tenebras
2175 723 2192 749 ,
2236 686 2302 738 et

272 782 504 844 revelat
526 800 689 852 eam,
719 788 783 841 et
808 776 1122 839 revelatur
1147 773 1203 838 ei
1239 797 1255 839 t
1299 796 1421 862 qua
1461 773 1707 838 ratione
1744 769 1961 842 dilatet
1989 789 2053 842 et
2083 792 2304 843 exten-

273 885 375 950 dat
420 881 823 980 prudentiam
874 878 1102 944 mentis
1129 878 1267 967 ejus
1309 879 1373 945 in
1414 877 1819 955 latitudines,
1851 882 2299 969 longitudines,

271 987 731 1077 profunditates
797 996 862 1049 et
920 984 1337 1051 sublimitates
1388 984 1696 1050 universae
1762 983 2024 1052 visibilis
2086 1000 2152 1051 et
2207 973 2306 1050 in-

274 1092 530 1158 visibilis
582 1102 905 1158 creaturae.
965 1090 1261 1178 Magnum
1311 1113 1487 1179 ergo,
1535 1102 1602 1154 et
1647 1087 1929 1154 divinum
1984 1114 2180 1179 opuS,
2246 1106 2310 1157 et

279 1198 742 1268 admirandum,
785 1218 1001 1260 revera
1036 1206 1132 1259 est
1162 1194 1388 1259 anima.
1434 1193 1599 1258 Cum
1630 1193 1799 1258 enim
1833 1208 2080 1261 crearet
2111 1195 2305 1271 illam,

274 1299 459 1367 talem
492 1301 779 1365 condidit
805 1300 975 1364 Deus
1019 1322 1189 1373 eam,
1229 1310 1301 1363 ut
1341 1299 1405 1362 in
1443 1310 1666 1363 natura
1701 1297 1841 1384 ejus
1873 1301 2116 1363 nullum
2156 1301 2313 1366 inse.-

228 1457 237 1468 .
272 1395 436 1485 reret
466 1405 714 1476 vitium,
752 1404 864 1467 sed
893 1403 974 1466 ad
998 1402 1338 1490 imaginem
1372 1402 1679 1467 virtutum
1714 1401 1986 1489 Spiritus
2019 1404 2317 1468 'condidit

276 1495 494 1572 illam:
531 1506 743 1595 posuit
780 1507 845 1571 in
877 1529 951 1571 ea
984 1507 1153 1593 leges
1185 1508 1490 1571 virtutum
1515 1555 1532 1582 ,
1579 1506 2026 1573 discretionem
2047 1558 2065 1585 ,
2120 1508 2318 1572 scien-

273 1613 447 1686 tiam,
474 1611 903 1699 prudentiam,
940 1607 1132 1674 fidem
1152 1660 1170 1686 ,
1208 1611 1653 1696 dilectionem,
1692 1625 1884 1701 atque
1915 1628 2173 1679 caeteras
2201 1615 2316 1679 vir-

275 1729 441 1784 tutes
474 1716 553 1782 ad
582 1715 920 1804 imaginem
951 1713 1239 1802 Spiritus.
1264 1764 1269 1771 .

364 1815 468 1886 VI.
524 1818 754 1885 Adhuc
780 1818 951 1884 enim
975 1819 1074 1882 vel
1104 1841 1277 1883 nunc
1306 1819 1369 1883 in
1402 1819 1695 1897 scientia,
1731 1819 2093 1909 prudentia,
2133 1824 2321 1887 dilec-

276 1926 443 1990 tione
472 1937 538 1990 et
567 1922 694 1990 fide
718 1924 1054 2012 reperitur,
1079 1936 1142 1988 et
1162 1923 1601 1989 manifestatur
1624 1925 1682 1990 ei
1707 1926 2053 1992 Dominus:
2084 1928 2319 1992 locavit

276 2027 340 2095 in
381 2053 454 2096 ea
501 2028 921 2104 intellectum,
971 2028 1419 2117 cogitationes,
1472 2032 1864 2095 voluntatem
1918 2054 1991 2096 ac
2035 2046 2317 2096 mentem

277 2135 506 2200 ducem
550 2134 934 2219 praecipuam
973 2154 988 2195 :
1043 2134 1371 2197 constituit
1402 2156 1654 2219 quoque
1689 2135 1751 2196 in
1789 2157 1860 2196 ea
1895 2135 2318 2221 multiplicem

279 2239 462 2301 aliam
492 2235 907 2300 subtilitatem
936 2257 951 2296 ε
990 2234 1143 2297 fecit
1180 2236 1351 2297 illam
1384 2235 1568 2297 facile
1598 2237 1932 2309 mobilem,
1970 2239 2315 2310 volatilem,

281 2351 346 2404 et
389 2335 784 2402 indefessam.
838 2334 1113 2398 Donavit
1160 2334 1285 2408 illi,
1339 2346 1413 2398 ut
1441 2336 1507 2398 in
1539 2350 1869 2399 momento
1903 2339 1993 2400 ire
2023 2351 2088 2402 et
2117 2339 2323 2401 redire

280 2441 498 2537 possit,
542 2453 607 2507 et
636 2450 849 2504 mente
877 2436 1237 2503 ministrare
1268 2437 1351 2513 ci,
1384 2452 1575 2527 prout
1600 2439 1873 2528 Spiritus
1903 2442 2197 2517 voluerit,
2228 2456 2325 2507 at-

283 2572 407 2639 que
455 2560 527 2612 ut
575 2543 837 2610 omnino
894 2543 1140 2618 dicam,
1202 2543 1436 2609 creavit
1481 2542 1653 2609 illam
1704 2547 1934 2623 talem,
1980 2561 2053 2619 ut
2082 2548 2212 2637 ipsa
2247 2548 2327 2613 sit

286 2660 516 2744 sponsa
549 2662 615 2715 et
656 2647 823 2714 socia
857 2648 1029 2735 ejus,
1085 2660 1154 2711 ut
1186 2647 1317 2739 ipse
1353 2670 1504 2713 cum
1545 2647 1650 2714 illa
1689 2663 2227 2740 contemperetur,
2263 2664 2326 2718 et

284 2756 461 2823 unus¹
494 2752 767 2844 Spiritus
811 2776 960 2819 cum
1002 2775 1077 2818 eo
1116 2748 1249 2828 fiat,
1293 2766 1367 2817 ut
1397 2753 1639 2841 inquit:
1665 2781 1689 2813 ι
1715 2752 1842 2835 Qui
1877 2750 2154 2821 adhaeret
2197 2756 2328 2821 Do-

285 2890 312 2924 »
330 2858 530 2940 mino,
546 2884 712 2926 unus
730 2856 1001 2950 Spiritus
1017 2855 1170 2955 ebst².
1193 2884 1218 2920 n
1239 2854 1357 2924 Cui
1373 2858 1572 2947 gloria
1592 2859 1658 2924 in
1672 2854 1899 2926 saecula
1922 2862 2317 2927 saeculorum.

284 2964 509 3037 A'men.

285 3190 2331 3222 mmmmmmmfflmmmfflm

961 3368 1359 3439 HOMILYA
1410 3371 1692 3440 XLVII.

295 3574 704 3679 Empticatio
727 3580 1111 3673 allegorica
1130 3568 1602 3680 quorumdam*
1626 3571 1758 3640 sub
1785 3574 2334 3680 legefhctorum.

390 3786 438 3853 Ι.
495 3782 733 3851 Gtoau
758 3780 969 3858 Mosis,
1005 3802 1195 3870 quam
1222 3780 1480 3869 gerebat
1504 3778 1571 3848 in
1592 3777 1778 3859 facie,
1808 3792 1994 3872 typus
2017 3793 2152 3849 erat
2173 3803 2334 3850 verae

371 3933 390 3961 ⁸
418 3919 596 3986 Ephes.
622 3934 703 3982 111,
732 3910 810 3981 18,
839 3928 917 3983 ις’.
950 3945 1012 3959 -
1038 3928 1059 3956 ⁸
1085 3931 1105 3969 ι
1132 3916 1246 3968 Cor.
1272 3931 1341 3976 vr,
1368 3932 1444 3982 ¹7·
