2982 4885
745 407 880 486 462
1572 423 1650 467 ss.
1707 421 1956 469 uranu

752 571 780 608 ι
797 556 861 611 et
884 542 990 632 qui
1009 562 1111 606 me
1133 538 1395 629 spernit,
1423 538 1663 627 spernit
1685 560 1856 615 eum,
1885 538 1994 626 qui
2017 559 2123 604 me
2137 538 2375 605 misit¹.
2397 568 2423 601 ι
2439 540 2549 607 'lta
2574 557 2655 608 ut
2672 538 2808 610 sine

752 649 946 739 ipsius
974 649 1301 712 voluntate
1331 646 1545 711 nullus
1571 646 1766 710 frater
1798 644 2145 732 quidquam
2178 657 2349 733 agat,
2383 668 2600 734 neque
2634 650 2809 715 acci-

755 755 888 845 piat
918 753 996 819 ab
1029 752 1238 840 aliquo
1273 750 1534 838 aliquid,
1561 772 1767 837 neque
1790 751 1920 825 dot,
1948 771 2068 816 nee
2101 772 2374 869 usquam
2412 775 2681 841 prorsus
2701 777 2805 821 re·-

757 860 942 927 cedat
972 857 1108 923 sine
1130 856 1349 921 verbo.

847 963 928 1030 11.
980 961 1407 1031 observantes
1448 960 1642 1025 etiam
1668 960 1794 1024 hoc
1817 1008 1836 1035 ,
1879 973 1951 1025 nt
1989 981 2118 1026 non
2166 983 2234 1027 se
2266 960 2537 1030 invicem
2565 964 2804 1032 sabulis

755 1068 933 1149 vanis
966 1067 1317 1140 destruant,
1355 1064 1924 1151 sed'unnsquisqu'e
1952 1087 2112 1152 opus
2144 1088 2333 1133 suum
2361 1071 2712 1136 meditetur
2739 1086 2799 1137 et

761 1171 1100 1247 custodiat,
1135 1182 1199 1235 et
1228 1168 1641 1257 cogitationes
1663 1167 1893 1235 habeat
1916 1172 2088 1257 apud
2115 1170 2338 1237 Deum.
2377 1174 2451 1237 In
2473 1187 2806 1240 conventu

760 1278 1046 1345 omnium
1070 1278 1280 1341 nullus
1302 1274 1517 1362 junior
1530 1275 1874 1363 quidquam
1897 1275 2016 1342 nisi
2040 1276 2447 1364 interrogatus
2461 1280 2795 1365 loquatur.

768 1385 1083 1452 Caeterum
1119 1381 1170 1446 si
1205 1381 1347 1470 quis
1385 1382 1524 1445 vult
1552 1381 2050 1446 consolationem
2089 1380 2368 1469 accipere
2394 1369 2495 1447 rel
2522 1384 2805 1449 verbum

767 1488 1008 1563 audire,
1043 1498 1358 1551 secretum
1390 1497 1455 1551 et
1483 1498 1916 1573 opportunum
1948 1498 2196 1574 tempus
2225 1485 2523 1572 requirat.

855 1595 967 1667 111,
1016 1589 1394 1663 Advenienti
1431 1591 1765 1679 peregrino
1796 1591 1952 1661 nihil
1972 1594 2114 1680 plus
2141 1592 2664 1681 exhibearqtmn
2692 1616 2804 1682 pa-

733 1742 744 1752 ·
770 1722 910 1768 cem
946 1723 962 1764 ε
996 1699 1319 1786 reliquum
1341 1719 1472 1762 non
1503 1699 1580 1762 sit
1615 1698 1701 1762 illi
1735 1721 1885 1764 cura
1916 1702 2086 1764 unde
2106 1700 2375 1776 venerit,
2409 1723 2526 1788 pro
2556 1723 2679 1788 quo
2704 1723 2799 1765 ve·

771 1804 968 1878 uerit,
1001 1805 1100 1867 vel
1143 1804 1397 1889 quando
1445 1803 1883 1895 ambulaturus
1914 1804 2015 1893 sit,
2064 1827 2180 1870 nec
2214 1805 2533 1894 sejungat
2575 1809 2655 1872 ad
2705 1806 2796 1871 sa-

772 1910 953 1974 lmias
977 1928 1124 1970 cum
1154 1905 1281 1969 isso.

854 2008 957 2076 IV.
1014 2007 1178 2107 Illud
1210 2031 1462 2113 quoque
1501 2010 1968 2077 observandum
1993 2026 2111 2109 est,
2139 2026 2211 2111 ut
2229 2026 2524 2107 praesente
2548 2014 2797 2078 seniore

770 2136 1217 2207 quorumque,
1249 2114 1349 2178 vel
1386 2116 1843 2213 pnaecedente
1827 2141 1890 2182 ιιι
1926 2090 2148 2184 ordine
2175 2119 2499 2208 psallendi,
2536 2141 2795 2207 sequens

713 2208 718 2212 ⁴
769 2245 899 2289 non
938 2219 1171 2288 habeat
1210 2217 1574 2286 facultatem
1613 2223 1914 2325 ¹loquendi
1949 2225 2046 2288 tel
2078 2225 2313 2323 aliquid
2345 2223 2789 2312 praesumendi,

771 2328 893 2395 nisi
924 2340 1170 2394 tantum
1200 2324 1250 2391 is
1277 2324 1383 2414 qui
1414 2326 1480 2392 in
1517 2328 1763 2409 ordine,
1798 2341 1869 2394 ut
1900 2328 2138 2429 dictum
2169 2343 2288 2404 cst,
2324 2332 2679 2419 preeccdere
2710 2327 2793 2391 vi·

776 2440 980 2504 detur.
1021 2408 1209 2499 lloc
1189 2455 1390 2520 usque
1415 2428 1540 2499 ad
1524 2456 1721 2499 unum
1755 2450 1898 2501 ante
1922 2418 2134 2524 omnia
2166 2434 2232 2500 in
2257 2424 2566 2510 oratione,
2607 2457 2710 2499 seu
2736 2430 2790 2497 in

777 2563 1005 2632 opere,
1052 2538 1178 2604 sive
1222 2538 1288 2603 in
1334 2562 1632 2627 responso
1685 2539 1892 2605 dando
1941 2541 2060 2605 erit
2105 2543 2500 2640 servandum.
2545 2539 2615 2604 Si
2663 2559 2791 2604 vero

776 2643 1119 2742 simplicior
1158 2642 1371 2719 suerit,
1418 2647 1519 2711 vel
1569 2646 1928 2737 impeditior
1971 2659 2286 2724 sermone,
2328 2662 2394 2712 et
2440 2646 2686 2712 dederit
2720 2645 2794 2709 lo·

777 2775 952 2824 cum,
1022 2748 1107 2812 ita
1172 2747 1431 2813 demum
1482 2774 1750 2854 sequens
1806 2754 2121 2844 loquatur.
2168 2780 2193 2812 α
2220 2752 2453 2848 ania
2492 2766 2698 2818 tamen
2742 2748 2797 2812 in

779 2853 1133 2919 »charitate
1184 2849 1415 2930 fiant²‚
1447 2882 1474 2916 ι
1513 2879 1642 2921 ιιοιι
1702 2879 1819 2958 per
1865 2827 2339 2956 contentionem
2388 2859 2488 2923 vel
2539 2857 2800 2946 aliquam

772 2957 1353 3054 praesumptionem.

863 3061 942 3132 V.
986 3047 1222 3128 Cursus
1246 3084 1397 3128 vero
1428 3043 1787 3130 orationum
1819 3068 1917 3131 vel
1937 3067 2353 3142 Psalmorum,
2379 3066 2537 3131 sicut
2562 3065 2806 3128 dudum

778 3179 1082 3234 statutum
1114 3180 1243 3244 est,
1287 3169 1449 3232 ultra
1500 3180 1748 3258 tempus
1793 3170 1962 3236 istud
1994 3172 2339 3240 meditandi
2386 3172 2806 3263 operandique

777 3270 1153 3340 servabitur.
1193 3272 1282 3337 lta
1312 3261 1788 3368 meditationem
1819 3275 2093 3342 habeant
2116 3276 2373 3353 fratres,
2409 3291 2481 3343 ut
2513 3299 2713 3363 usque
2734 3273 2810 3339 ad

728 3461 733 3468 ι
775 3377 1002 3445 horam
1040 3355 1383 3445 secundam
1425 3379 1670 3467 legant;
1717 3381 1768 3445 si
1815 3392 2025 3448 tamen
2068 3385 2241 3449 nulla
2289 3405 2478 3458 causa
2515 3381 2806 3451 extiterit.

776 3506 901 3571 qua
953 3505 1210 3549 neccsse
1265 3482 1345 3548 sit
1394 3484 1587 3550 etiam
1650 3489 2066 3588 praetermissa
2118 3481 2523 3554 meditatione
2581 3489 2813 3576 aliquid

777 3587 977 3656 fieri
960 3612 1024 3654 ιιι
1064 3610 1424 3657 commune.
1473 3591 1630 3686 Post
1659 3591 1882 3659 horam
1921 3617 2070 3660 vero
2106 3592 2440 3660 secundam
2477 3594 2814 3681 unusquis-

720 3681 735 3778 ἶ
776 3719 900 3788 que
923 3696 1006 3762 ad
1034 3717 1191 3787 opus
1215 3719 1401 3762 suum
1430 3711 1688 3798 paratus
1720 3699 1837 3776 sit,
1873 3712 1936 3764 et
1967 3723 2166 3804 usque
2206 3699 2284 3767 ad
2317 3700 2540 3768 horam
2579 3721 2816 3768 nonam

726 3877 731 3884 .
777 3801 1089 3910 quidquid
1119 3800 1479 3910 injunctum
1509 3787 1731 3882 suerit,
1771 3832 1799 3904 .‘
1821 3793 1974 3910 Sine
2009 3809 2518 3882 murmuratione
2544 3809 2649 3880 vel
2680 3808 2817 3874 hae-

835 3936 1082 4046 >Lama
1110 3937 1325 3996 ι6.-·
1356 3954 1376 3992 ι
1407 3937 1530 3994 Cor.
1550 3955 1656 4008 xvi,
1684 3941 1772 4005 ιζ
