2982 4885
602 531 809 635 440
992 572 999 581 ,
1052 548 1063 559 ·
1136 540 1246 586 ·.s
1304 536 1568 586 uacum
1619 535 2081 599 numnam·

688 666 790 732 vl.
848 664 985 730 Non
1036 673 1098 726 te
1141 656 1533 722 familiaritas
1564 656 1690 718 ulla
1737 651 2053 725 saecularis
2073 650 2336 727 trahat3
2371 654 2484 721 s'ed
2511 665 2641 720 tota

602 771 947 857 delectatjq
971 782 1074 833 tua
1114 765 1184 835 iu
1225 764 1457 833 cellula
1482 763 1874 827 demoretur.
1905 756 2146 823 cellam
2187 770 2261 823 ut
2283 761 2644 847 paradisum

603 881 876 952 habeas3
911 874 1133 941 fratres
1163 884 1304 937 tuos
1327 867 1684 957 spirituales
1708 876 1781 930 ut
1806 874 2075 928 aeternos
2099 861 2386 930 confidas
2408 866 2643 930 habere

647 997 913 1053 arentes.

601 1012 644 1078 p
690 1089 830 1156 vll.
884 1083 1300 1174 Praepositum
1341 1076 1712 1145 monasterii
1759 1076 1985 1141 timeas
2030 1086 2104 1140 ut
2144 1075 2514 1149 dominum,
2547 1075 2646 1138 di-

606 1197 761 1286 ligas
795 1205 869 1259 ut
909 1201 1259 1280 parentem.
1312 1183 1618 1250 Similiter
1657 1204 1909 1271 quoque
1958 1202 2173 1245 omnes
2212 1192 2464 1269 oportet
2500 1180 2647 1245 dili-

610 1322 758 1390 gere
790 1298 1054 1370 fratres,
1097 1314 1248 1359 cum
1278 1290 1516 1379 quibus
1535 1288 1738 1355 etiam
1763 1300 1834 1353 te
1863 1283 2129 1353 co'nfidis
2145 1283 2352 1349 videre
2372 1284 2644 1383 gloriam

568 1403 866 1492 thristi.

698 1510 868 1577 vm.
896 1538 921 1568 ι
945 1507 1083 1574 Non
1103 1504 1314 1572 oderis
1334 1502 1715 1569 laboriosam
1735 1496 2030 1588 operam¹
2064 1519 2080 1561 ι
2108 1521 2134 1557 1·
2152 1494 2372 1562 Otium
2399 1515 2653 1581 quoque

614 1640 696 1682 ne
736 1625 905 1680 sect·
918 1626 1015 1676 tus
1066 1609 1279 1675 fueris.
1331 1607 1403 1672 ln
1448 1606 1672 1695 vigiliis
1718 1602 2084 1675 confectus,
2133 1600 2198 1665 in
2250 1621 2445 1689 opere
2488 1598 2651 1685 justo

620 1720 928 1795 affectus,
985 1716 1317 1783 ambulans
1368 1711 1547 1800 quasi
1600 1708 1950 1777 dormitans
2003 1707 2204 1772 lassus
2255 1705 2340 1770 ad
2389 1715 2649 1769 stratum

622 1838 804 1895 tuum
837 1823 1090 1907 venias
1129 1832 1196 1886 et
1228 1841 1381 1885 cum
1423 1815 1677 1885 Christo
1709 1813 2111 1902 requiescere
2138 1823 2202 1876 te
2231 1811 2470 1877 credas.

704 1928 816 2003 IX.
875 1925 1278 2011 Cur-sumque
1326 1919 1693 1987 monasterii
1737 1940 1928 2007 super
1981 1916 2200 1985 omnia
2240 1915 2471 2003 diligas.
2522 1911 2648 1990 Qui

620 2056 771 2098 vero
794 2029 1019 2119 saepius
1053 2049 1236 2093 orare
1264 2025 1576 2099 voluerit,
1602 2021 1964 2089 uberiorem
1995 2019 2280 2088 inveniet
2301 2016 2653 2085 misericor-

619 2137 790 2225 diam
823 2133 1121 2203 Christi..
1226 2202 1233 2211 ‚

652 2228 791 2319 Χ.
846 2237 1282 2327 Matutinoque
1314 2235 1486 2303 dicto
1522 2234 1607 2300 ita
1641 2231 2119 2301 meditationem
2142 2180 2422 2299 habeant
2444 2229 2658 2294 fratres

625 2310 827 2436 usque
852 2347 932 2446 ad
954 2345 1179 2419 horam'
1202 2341 1596 2409 secundam.
1626 2338 1675 2407 si
1701 2339 2112 2419 tamenpulla
2140 2358 2328 2403 causa
2359 2334 2659 2406 extiterit,

600 2477 755 2541 =qua
780 2424 1043 2552 necesse
1075 2449 1157 2515 sit
1184 2438 1376 2530 etiam
1397 2444 1817 2544 proetermissa
1841 2441 2241 2511 meditatione
2265 2438 2508 2526 aliquid
2531 2436 2670 2503 fieri

628 2558 694 2624 in
736 2541 1098 2656 commune.

716 2641 835 2758 XI.
886 2660 1034 2726 Post
1076 2657 1305 2723 boram
1335 2678 1489 2722 vero
1537 2656 1884 2740 secundam
1932 2651 2360 2741 unusquisque
2403 2651 2487 2715 ad
2516 2671 2673 2735 opus

626 2783 816 2862 suum
852 2776 1135 2866 paratus
1156 2762 1244 2832 sit
1286 2784 1487 2864 usque
1546 2763 1626 2826 ad
1671 2762 1895 2826 horam
1941 2781 2210 2833 nonam,
2250 2769 2320 2822 ut
2368 2752 2671 2843 quidquid

626 2867 987 2957 injunctum
1023 2867 1242 2958 suerit,
1281 2895 1306 2928 ι
1338 2868 1489 2934 Sine
1521 2866 2028 2956 murmuratione
2066 2860 2434 2956 perficiat&
2460 2889 2485 2922 ι
2503 2860 2671 2928 sicut

630 2973 784 3041 dicit
809 2987 1063 3042 sanctus
1088 2972 1475 3066 Apostolus.
2075 3039 2080 3044 ,

710 3079 870 3148 ΧΠ.
925 3079 1011 3170 Si
1030 3079 1187 3184 quis
1236 3093 1449 3150 autom
1503 3071 2035 3180 murmuraverit,
2095 3076 2198 3140 vel
2249 3070 2670 3144 contentiosus

593 3175 944 3276 extiterit,
994 3198 1143 3264 aut
1159 3181 1435 3252 reserens
1488 3173 1557 3248 in
1593 3183 1813 3269 aliquo
1860 3178 2276 3252 contrariam
2294 3181 2671 3246 voluntatem

588 3283 1000 3386 praeceptis,
1056 3265 1241 3377 digne
1284 3279 1612 3376 correptus
1652 3286 2007 3350 secundum
2045 3283 2381 3349 arbitrium
2421 3277 2675 3345 senioris

636 3398 735 3460 vel
780 3391 1045 3486 modum
1090 3394 1326 3490 culpae,
1375 3390 1595 3456 tandiu
1642 3388 1992 3466 abstineat,
2037 3388 2317 3476 quandiu
2351 3388 2449 3452 vel
2479 3385 2677 3471 culpae

641 3471 910 3589 qualitas
961 3495 1358 3587 poposcerit,
1405 3498 1506 3561 vel
1548 3520 1616 3561 se
1664 3494 2083 3590 poenitcndo
2075 3486 2528 3564 humiliaverit,
2582 3487 2681 3552 vel

630 3601 1115 3694 emendaverit3
1137 3600 1225 3666 ita
1244 3612 1315 3666 ut
1341 3616 1672 3692 correptus
1688 3623 1815 3670 non
1840 3601 2068 3665 audeat
2092 3614 2344 3683 usquam
2363 3589 2674 3656 recidere.

728 3681 904 3780 XH'L
934 3690 1001 3772 Si
1038 3705 1177 3797 quis
1177 3685 1426 3782 frater,
1445 3708 1542 3772 vel
1571 3706 1679 3793 qui
1711 3706 1774 3770 in
1807 3703 2082 3786 oratorio
2110 3712 2283 3775 sunt,
2293 3698 2398 3764 vel
2429 3694 2538 3784 qui
2568 3715 2688 3783 per

594 3799 921 3878 cellulas
938 3801 1346 3885 consistunt,
1368 3787 1802 3918 quicumque
1829 3808 1968 3899 ejus
1999 3806 2212 3910 errori
2256 3797 2682 3883 consenserit,

645 3918 978 4007 culpabilis
1014 3918 1154 3984 erit.

714 4065 733 4092 ⁸
764 4052 912 4105 Brcli.
937 4068 1026 4104 vn.
1056 4049 1128 4099 16-
1158 4077 1221 4091 -
1243 4067 1263 4093 ι
1286 4053 1472 4121 Philip.
1500 4069 1558 4112 ιι.
1588 4029 1718 4113 ιήζΗ
