2982 4885
1066 521 1322 596 nomm
1367 552 1553 596 nvn.
2206 532 2331 621 295

293 694 366 763 pa
380 685 485 737 eto
517 671 752 760 injecto
775 669 946 758 ligno
966 667 1170 733 dulcis
1197 666 1433 733 effecta·
1452 681 1548 733 est
1570 691 1731 758 aqua
1748 719 1764 746 ,
1794 683 1858 736 et
1881 681 2121 737 mutata
2154 692 2328 736 ama—

293 775 574 842 ritudine
595 825 612 851 ,
652 776 821 840 utilis
851 787 915 839 et
936 773 1229 863 potabilis
1258 774 1501 838 reddita
1537 787 1633 839 est
1653 778 1887 864 populo
1909 776 2044 842 Dei.
2082 775 2327 842 Eodem

288 885 482 948 modo
516 906 769 970 quoque
796 882 1001 945 anima
1024 930 1042 955 ‚
1071 893 1257 969 epoto
1283 881 1429 946 vino
1462 882 1770 970 serpentis
1789 931 1806 957 ,
1847 882 2327 949 amaritudinem

290 988 627 1063 contraxit,
660 987 952 1075 factaque
987 998 1080 1051 est
1110 987 1327 1051 similis
1353 1010 1580 1051 amara:
1606 986 1742 1073 ejus
1775 998 2040 1062 naturae,
2075 1010 2146 1052 ac
2171 1011 2326 1076 pec-

290 1095 490 1159 catrix
531 1096 747 1159 evasit.
806 1096 1213 1182 Quapropter
1258 1093 1545 1159 immittit
1583 1093 1756 1157 Deus
1794 1093 2036 1181 lignum
2079 1094 2219 1158 vitae
2258 1095 2323 1159 iu

290 1198 497 1287 ipsum
535 1222 818 1264 amarum
855 1200 1091 1264 sontem
1118 1199 1361 1271 cordis,
1399 1198 1506 1284 qni
1543 1197 1883 1276 dulcescit,
1920 1197 1997 1261 ab
2032 1198 2325 1263 amaritu-

292 1305 438 1370 dine
487 1318 940 1370 transmutatus
969 1355 985 1379 ‚
1039 1317 1100 1369 et
1151 1302 1464 1369 admixtus
1505 1301 1765 1390 Spiritui
1809 1302 2041 1368 Christi
2078 1328 2092 1366 ε
2133 1316 2324 1390 atque

290 1408 415 1473 hoc
448 1423 638 1496 pacto
675 1411 844 1474 utilis
882 1409 1147 1473 ess'ec'tus
1181 1410 1244 1472 in
1277 1409 1655 1495 obsequium
1696 1408 1947 1472 Domini
1981 1408 2075 1472 sui
2112 1409 2321 1474 cedit:

291 1514 500 1576 evadit
523 1515 692 1576 enim
724 1513 993 1599 Spiritus
1025 1534 1283 1576 carnem
1318 1509 1585 1597 gestans.
1620 1512 1834 1576 Gloria
1862 1513 1942 1576 sit
1965 1512 2023 1575 ei
2048 1511 2154 1597 qui
2187 1534 2326 1575 mu-

285 1629 378 1682 tat
436 1618 921 1681 amaritudinem
983 1629 1263 1680 nostram
1315 1617 1378 1679 in
1428 1617 1800 1681 suavitatem
1855 1628 1920 1681 et
1971 1617 2322 1681 bonitatem

286 1721 574 1809 Spiritus·
628 1722 731 1788 Vae
765 1721 888 1796 illi,
944 1722 1007 1785 in
1039 1745 1226 1808 quem
1266 1744 1393 1784 non
1438 1721 1706 1785 missum
1735 1735 1831 1786 est
1862 1722 2104 1809 lignum
2140 1720 2317 1792 vitaet

281 1850 413 1896 non
446 1840 652 1915 potest
685 1828 855 1906 enim
896 1828 1169 1913 aliquam
1204 1826 1438 1889 bonam
1478 1825 1894 1894 mutationem
1922 1826 2250 1911 consequi.

370 1931 542 1998 XVI.
601 1931 788 2019 Virga
823 1930 1011 1996 Mosis
1057 1929 1372 2017 duplicem
1409 1930 1667 2017 gerebat
1710 1930 2065 2018 imaginem.
2106 1929 2324 1995 Hosti-

282 2036 402 2101 bus
442 2039 614 2101 velut
666 2058 922 2124 serpens
964 2035 1389 2109 occurrebat,
1440 2037 1739 2099 mordens
1779 2047 1843 2099 et
1889 2034 2317 2117 interficiens„

284 2141 577 2206 lsrae'litis
600 2165 748 2207 vero
778 2153 916 2205 erat
944 2140 1250 2213 baculus,
1281 2161 1405 2226 quo
1440 2138 1886 2203 fulciebantur.
1927 2138 2030 2203 Sic
2063 2162 2318 2226 quoque

282 2268 502 2310 verum
536 2246 776 2331 lignum
802 2245 1042 2319 crucis,
1080 2245 1252 2330 quod
1283 2255 1379 2306 est
1411 2243 1721 2320 Christus,
1757 2244 2035 2306 bostium
2060 2245 2318 2328 quidem

285 2361 380 2413 est
408 2371 577 2411 mors
598 2397 614 2422 ,
647 2348 984 2434 spirituum
1018 2368 1248 2431 nempe
1279 2345 1531 2407 malitiae
1561 2370 1577 2418 ;
1608 2346 1960 2417 animarum
1987 2368 2134 2409 vero
2167 2369 2320 2412 nos-

286 2465 526 2517 trarum
557 2452 850 2523 baculuS,
890 2449 1068 2512 sedes
1100 2460 1271 2521 tuta,
1300 2459 1364 2511 et
1394 2446 1518 2510 vita
1539 2496 1557 2521 ,
1590 2446 1654 2510 in
1687 2468 1811 2532 qua
1836 2448 2312 2533 conquiescunt.

282 2556 532 2644 Figura>
557 2554 725 2619 enim
751 2565 815 2617 et
847 2552 1090 2616 umbrae
1122 2551 1298 2640 prius
1328 2551 1586 2615 suerunt
1607 2599 1623 2623 ‚
1657 2572 1848 2641 quam
1881 2573 2041 2615 verm
2070 2551 2270 2617 haeres
2295 2578 2315 2628 ς

285 2655 598 2746 siquidem
631 2659 925 2745 antiquus
956 2659 1162 2721 cultus
1193 2656 1515 2745 praesentis
1540 2658 1747 2720 cultus
1781 2656 2004 2721 umbra
2029 2669 2093 2721 et
2113 2658 2334 2749 imagon

280 2766 397 2829 δεῖ.
440 2764 599 2828 Item
633 2761 1054 2837 circumcisi0,
1091 2762 1605 2836 tabernaculum,
1632 2783 1801 2837 arca,
1842 2754 2026 2834 urna.
2058 2786 2314 2838 manna,

284 2869 741 2942 sacerdotium,
779 2868 1106 2931 incensum
1152 2879 1215 2932 et
1258 2868 1645 2940 ablutiones,
1696 2879 1799 2942 et,
1842 2880 1911 2931 ut
1954 2869 2316 2935 summatim

283 2975 525 3049 dicam,
559 2995 976 3061 quaecnmque
1014 2972 1253 3038 fiebant
1286 2973 1349 3037 in
1392 2972 1734 3039 lsrae‘litico
1765 2976 2036 3064 populo,
2076 2975 2140 3039 in
2176 2977 2314 3065 lege

279 3081 501 3157 Mosis‚
554 3093 663 3145 aut
721 3078 1180 3168 Prophetarum
1235 3079 1630 3168 temporibus
1656 3129 1674 3154 ,
1725 3094 1983 3170 propter
2042 3081 2318 3149 animam

280 3188 482 3276 ipsam
513 3186 677 3251 sacta
719 3197 898 3260 sunt,
935 3208 1070 3273 quae
1104 3185 1456 3251 secundum
1497 3184 1833 3275 imaginem
1865 3186 1980 3252 Dei
2020 3188 2271 3252 condita
2293 3237 2312 3264 ‚

281 3303 471 3380 atque
517 3291 634 3356 sub
674 3290 896 3378 jugum
933 3292 1288 3366 servitutis,
1333 3304 1399 3356 et
1441 3293 1561 3356 sub
1601 3315 1867 3382 regnum
1907 3294 2315 3356 molestarum

281 3397 686 3461 tenebrarum
719 3399 892 3483 lapsa
923 3408 1035 3462 est.

370 3500 572 3566 XVII.
630 3499 794 3564 Cum
831 3499 952 3563 hac
984 3499 1154 3560 enim
1188 3499 1387 3561 voluit
1412 3500 1584 3562 Deus
1615 3497 2116 3573 communicare,
2147 3498 2316 3567 hanc

286 3605 517 3689 aptavit
540 3606 657 3669 sibi
681 3607 744 3669 in
776 3621 1070 3692 sponsam
1100 3599 1287 3688 regis,
1318 3599 1481 3663 hanc
1513 3617 1814 3689 expurgat
1844 3628 1877 3668 a
1909 3605 2225 3682 sordibus,
2253 3620 2318 3671 et

287 3708 499 3771 abluta
535 3709 857 3794 nigredine
890 3721 955 3771 et
990 3704 1385 3794 turpitudine
1420 3728 1531 3769 sua
1568 3708 1959 3795 splendidam
1995 3709 2245 3786 reddit,
2282 3710 2320 3778 e

284 3809 775 3877 mortificatione
797 3810 1069 3876 vivificat
1089 3861 1105 3885 ‚
1136 3834 1172 3876 e
1198 3811 1584 3879 eontritione
1617 3824 1823 3887 curat,
1858 3826 1921 3879 et
1950 3828 2158 3904 pacat,
2192 3817 2316 3883 ini-

283 3917 542 3983 micitiis
572 3916 713 4005 ejus
745 3915 1108 3982 conciliatis.
1156 3916 1458 3982 Creatura
1494 3919 1665 3983 enim
1708 3939 1854 3983 cum
1878 3919 1987 3995 sit,
2025 3919 2088 3985 in
2122 3945 2315 4011 spon-

285 4047 421 4091 sam
453 4022 584 4091 filio
614 4023 777 4113 regis
808 4034 1014 4111 aptata
1046 4035 1164 4098 est,
1198 4024 1493 4112 Deusque
1522 4024 2027 4114 propria-virtute
2059 4029 2320 4122 suscipit
