2982 4885
743 414 877 480 608
1548 435 1597 477 s.
1651 432 2000 477 ruussran

737 554 896 620 mari
925 545 1335 639 oportuerat?
1354 547 1637 615 Decebat
1658 548 1829 614 enim
1853 549 1933 612 de
1955 548 2353 637 patriarchis¹
2377 565 2446 617 et
2471 554 2617 643 lege
2644 555 2786 622 bea-
2884 612 2889 629 ,,

744 671 880 723 tum
897 655 1183 744 accipere
1207 655 1430 720 Isaiam
1451 703 1468 731 ,
1498 666 1571 718 ut
1600 654 1678 719 ab
1711 654 1802 721 eis
1832 655 2095 729 doctus,
2124 653 2273 720 sorti
2308 657 2531 724 animo
2565 660 2787 728 Christi

738 762 1055 828 carnalem
1105 757 1935 849 praesentiampraedicaret.
1991 758 2215 845 Ignem
2261 762 2456 826 etiam
2500 768 2671 851 quod
2705 767 2787 830 ait

744 866 1061 955 accepisse
1089 864 1439 954 Angelum,
1464 877 1531 929 et
1550 887 1850 954 purgasse
1883 864 2075 952 ipsius
2106 866 2274 931 labia
2294 916 2312 942 ‚
2344 870 2566 956 utique
2595 871 2780 937 divini

619 1016 624 1025 ,
739 971 1011 1060 Spiritus
1028 971 1085 1036 ei
1116 969 1380 1058 gratiam
1404 968 1779 1034 ostendebat
1802 990 2175 1034 concessam
2200 994 2233 1034 a
2259 970 2545 1040 Domino
2567 988 2635 1039 ut
2658 974 2772 1038 ait:

760 1076 1028 1165 «Ignem
1052 1074 1194 1140 veni
1227 1074 1480 1139 mittere
1512 1074 1577 1139 in
1613 1074 1959 1149 mundum,
1993 1098 2187 1161 quam
2210 1079 2358 1144 volo
2390 1091 2462 1144 ut
2488 1082 2776 1146 accenda-

741 1194 894 1248 »tur
923 1178 1139 1246 ocius¹
1167 1180 1182 1242 l
1211 1206 1236 1240 ι
1267 1180 1362 1244 De
1395 1178 1635 1269 forcipe
1674 1190 1920 1254 autem,
1949 1178 2013 1243 id
2044 1192 2175 1256 est,
2218 1183 2301 1246 de
2340 1183 2541 1256 ferro,
2574 1185 2649 1248 de
2677 1185 2771 1248 in-

739 1288 907 1356 victa
956 1298 1178 1353 natura
1224 1284 1363 1370 ejus
1404 1296 1592 1372 atque
1638 1283 1843 1347 divina
1889 1283 2123 1372 quippe
2164 1284 2417 1351 dicebat
2455 1288 2766 1375 potentia,

731 1395 917 1482 ‘quod
955 1413 1186 1478 corpus
1226 1388 1457 1455 Christi
1498 1387 1708 1454 divino
1732 1387 1971 1476 Spiritu
2006 1388 2343 1477 divinaque
2377 1394 2658 1479 potentia
2691 1393 2752 1456 iu

742 1511 927 1564 utero
964 1508 1195 1562 sanctae
1225 1493 1497 1582 Virginis
1540 1506 1823 1557 creatum
1871 1504 2061 1579 atque
2092 1511 2603 1563 consummatum
2642 1511 2761 1573 est,

740 1604 908 1668 sicut
929 1601 1237 1689 scriptum
1260 1611 1356 1663 est
1385 1621 1402 1662 ε
1437 1624 1464 1658 α
1488 1597 1760 1686 Spiritus
1792 1610 2046 1662 sanctus
2079 1600 2478 1686 superveniet
2508 1603 2569 1666 in
2593 1614 2680 1675 te,
2703 1612 2764 1665 et

741 1709 983 1775 »virtus
1025 1704 1141 1771 Dci
1192 1704 1603 1769 obumbrabit
1646 1702 1776 1768 te².
1811 1730 1837 1762 ι
1874 1703 1950 1767 In
1997 1726 2121 1791 quo
2166 1727 2474 1793 apparens
2507 1729 2763 1797 corpore

740 1814 1026 1879 vinceret
1066 1811 1312 1885 omnia,
1352 1833 1387 1875 a
1430 1809 1608 1874 nullo
1650 1821 1865 1874 autem
1905 1824 2321 1898 superaretur.
2374 1812 2555 1879 Sicut
2599 1814 2759 1877 enim

739 1914 906 1981 ferro
948 1917 1287 1978 domantur
1338 1935 1411 1976 ac
1449 1912 1878 1999 subjiciuntur
1922 1916 2163 1990 omnia,
2198 1940 2234 1982 a
2269 1938 2393 2002 quo
2426 1928 2491 1980 et
2521 1916 2755 2004 gladius

736 2018 1013 2109 gignitur
1041 2027 1124 2089 ut,
1145 2016 1390 2080 dictum
1417 2028 1514 2080 est
1540 2039 1556 2080 ε
1598 2043 1622 2076 α
1648 2016 1928 2083 Verbum
1951 2018 2187 2084 Domini
2214 2020 2453 2104 gladius
2477 2020 2578 2081 bis
2600 2042 2753 2082 acu-

735 2150 762 2184 »
783 2120 953 2196 tus⁸‚
980 2147 1007 2183 ι
1054 2120 1164 2207 qui
1200 2122 1461 2186 domare
1495 2132 1707 2209 potest
1739 2122 2125 2197 testimonia,
2160 2120 2401 2186 domari
2431 2133 2649 2193 autem
2679 2122 2763 2186 ab'

738 2227 945 2315 aliquo
978 2247 1104 2292 uon
1130 2239 1334 2312 potest
1363 2276 1380 2302 ,
1430 2227 1820 2314 daturusque
1858 2227 1947 2292 eis
1980 2239 2117 2293 erat
2148 2239 2287 2314 post
2315 2226 2664 2314 passionem
2692 2226 2748 2289 in

733 2331 1196 2397 resurrectione
1219 2329 1411 2395 divini
1431 2328 1703 2421 Spiritus
1736 2331 1936 2397 beatis
1968 2331 2285 2419 Apostolis
2318 2331 2612 2396 invictam
2640 2352 2738 2418 po·

733 2435 996 2503 tentiam
1019 2485 1037 2511 ‚
1065 2448 1138 2501 ut
1167 2435 1471 2523 seriptum
1503 2449 1600 2502 est
1627 2460 1644 2501 ε
1684 2465 1709 2497 ι
1732 2436 2001 2526 Spiritus
2022 2436 2279 2502 Domini
2309 2461 2498 2527 super
2527 2461 2619 2502 me
2641 2434 2689 2509 ⁸,
2707 2463 2729 2495 ι

732 2553 797 2605 et
828 2553 1074 2608 caetera.
1116 2541 1196 2605 Et
1227 2540 1451 2606 Petrus
1489 2541 1907 2629 promissione
1940 2554 2199 2631 accepta
2235 2565 2268 2606 a
2300 2543 2509 2618 Patre,
2541 2544 2614 2606 ad
2638 2538 2750 2603 διιε-

732 2644 900 2711 daeos
925 2646 1142 2710 dicens
1170 2668 1185 2708 ε
1220 2671 1245 2704 c
1269 2643 1509 2711 Effudit
1538 2645 1704 2710 hanc
1734 2646 2001 2734 gratiam
2019 2696 2037 2720 ‚
2072 2669 2267 2733 quam
2290 2671 2399 2713 vos
2422 2644 2633 2712 videtis
2655 2653 2750 2705 at-

724 2774 893 2837 »que
934 2751 1159 2816 auditis
1195 2748 1450 2817 hodie⁶.
1482 2778 1508 2812 ι
1549 2738 1687 2840 Igni
1721 2751 1911 2816 etiam
1950 2751 2262 2840 forcipem
2294 2754 2455 2839 sicut
2501 2747 2747 2816 formari

720 2855 1159 2942 cognoscimus
1177 2905 1194 2932 ‚
1220 2857 1305 2920 ita
1336 2868 1402 2921 et
1430 2878 1660 2944 corpus
1683 2856 1938 2922 Domini
1972 2856 2183 2921 divino
2199 2857 2432 2945 Spiritu
2456 2857 2733 2920 novimus

720 2958 1298 3024 consummatum⁸.
1351 2961 1572 3047 Itaque
1613 2961 1699 3026 ita
1746 2961 1873 3026 suis
1918 2985 2067 3027 eum
2107 2962 2343 3028 dedisse
2379 2962 2437 3024 in
2466 2979 2731 3044 corpore

717 3059 889 3128 illam
911 3062 1283 3152 promissam
1306 3063 1571 3151 gratiam
1597 3061 1784 3150 atque
1808 3066 2109 3132 invictam
2128 3063 2484 3155 potentiam,
2501 3073 2580 3126 ut
2606 3062 2728 3127 ait:

733 3168 943 3242 medi
987 3168 1163 3234 vobis
1202 3179 1581 3258 potestatem
1620 3171 1868 3235 calcare
1915 3194 2104 3260 super
2146 3192 2399 3237 omnem
2431 3167 2733 3234 virtutem

717 3271 1065 3337 »inimici⁷.
1097 3300 1123 3335 ι
1150 3274 1230 3339 Et
1261 3273 1642 3361 Apostolus:
1675 3298 1702 3331 ι
1736 3273 1895 3352 Quis
1939 3299 2053 3341 nos
2096 3274 2409 3365 separabit
2450 3297 2485 3338 a
2529 3273 2733 3339 cbari-

714 3399 739 3433 »
760 3386 887 3440 tate
921 3374 1187 3441 Christi⁸
1210 3375 1278 3438 P»
1307 3376 1428 3442 Per
1456 3398 1598 3463 quae
1628 3376 1718 3442 eis
1749 3380 1998 3445 cunctis
2020 3379 2152 3466 jam
2188 3381 2252 3444 in
2275 3379 2399 3443 hoc
2429 3378 2734 3464 eredenti7

712 3475 830 3543 bus
861 3480 1122 3555 saeculo,
1148 3492 1221 3544 ut
1244 3479 1488 3546 dictum
1520 3494 1617 3548 est
1639 3504 1753 3570 per
1782 3482 2250 3572 impositionem
2284 3505 2511 3548 manus
2542 3481 2735 3570 Apos-

709 3584 984 3649 tolorum
1031 3583 1276 3651 divinus
1317 3585 1587 3652 dabatur
1609 3586 1879 3678 Spiritus
1925 3588 1992 3653 in
2032 3587 2361 3654 Christum
2390 3588 2733 3654 Dominum

704 3687 1110 3756 credentibus
1167 3688 1576 3780 Salvatorem.
1648 3691 1731 3758 Et
1799 3685 1963 3790 sicut
2027 3690 2154 3758 duo
2213 3692 2541 3769 animalia,
2605 3691 2733 3758 duo

771 3850 786 3874 ⁸
815 3839 932 3892 Luc.
959 3858 1050 3901 ιιι.
1083 3843 1168 3912 49.
1202 3873 1265 3885 -
1296 3861 1316 3884 ·
1347 3846 1431 3899 ld.
1461 3863 1501 3912 ι,
1534 3847 1615 3910 ᾆδ.
1642 3874 1706 3887 -
1740 3850 1764 3887 ⁸
1799 3848 1959 3900 Bebr.
1982 3864 2054 3910 Π,-
2080 3865 2152 3900 n.
2186 3874 2252 3889 -
2281 3854 2307 3892 ⁴
2329 3849 2447 3900 lsai.
2470 3865 2576 3912 ut,
2606 3866 2655 3903 ι.
2675 3874 2732 3889 -

696 3919 721 3953 ⁸
746 3918 858 3973 Act.
884 3938 943 3983 n,
969 3939 1046 3989 ¹7·
1065 3951 1128 3964 --
1150 3928 1308 3979 ‘Ime-
1333 3945 1373 3992 ι,
1393 3925 1476 3980 ³⁵.
1505 3956 1568 3969 —
1596 3937 1613 3969 ¹
1642 3929 1723 3983 ld.
1746 3946 1803 3991 x,
1827 3933 2026 3997 19.-⁸
2048 3931 2198 3984 Rom.
2222 3946 2337 3996 vm,
2363 3932 2448 3983 ³5.
