2982 4885
622 458 757 522 600
1427 478 1475 520 s.
1532 476 1882 521 maurim

627 617 702 659 ac
734 592 1088 659 doctrinam
1119 590 1354 657 Christi
1393 592 1654 658 Domini
1681 594 1761 657 de
1790 596 1929 681 lege
1959 606 2025 658 et
2054 595 2391 685 Prophetis
2414 603 2658 679 audire,

629 712 819 785 atque
862 698 948 763 ita
993 686 1444 785 acquchere3
1488 711 1561 763 ut
1603 701 2309 789 compleatur,«Donec
2342 706 2661 793 plenitudo

630 803 956 892 »gentium
999 803 1216 878 intret,
1266 816 1332 867 et
1379 803 1470 868 sic
1517 804 1725 868 omnis
1781 804 1977 869 lsrae‘l
2018 807 2430 883 salv-abitura
2457 809 2660 875 »sicut

627 909 938 997 scriptum
968 922 1083 974 est.
1119 909 1202 973 Et
1239 910 1399 973 alter
1425 909 1742 997 Propheta
1777 910 1896 974 ait:
1918 936 1947 969 ι
1966 911 2168 976 Auser
2197 915 2280 988 ab
2311 915 2401 978 eis
2432 937 2535 978 cor
2562 917 2657 979 la-

627 1041 654 1076 »
672 1015 957 1102 pideum,
987 1014 1286 1090 Domine,
1325 1025 1393 1079 et
1415 1015 1496 1079 da
1522 1014 1610 1080 illi
1627 1036 1740 1078 cor
1760 1015 2133 1080 carneum².
2156 1045 2185 1078 ι
2200 1018 2283 1082 Et
2316 1018 2649 1085 Dominus:

642 1117 751 1183 «Si
781 1119 882 1185 isti
908 1120 1248 1195 tacuerint,
1283 1118 1528 1208 lapides
1559 1118 1993 1184 clamabunt&
2023 1147 2052 1180 ι

666 1360 910 1414 cxxiv·
945 1359 1266 1412 nAEnnsls
1301 1359 1396 1410 ΒΕ
1428 1357 1810 1411 8ΡΙΒΔΜῙΝΒ
1848 1357 2041 1421 QUOD
2083 1359 2286 1413 mAu
2324 1360 2603 1413 Accm’rr.

721 1554 882 1621 Anu
907 1567 1004 1620 est
1025 1552 1302 1628 haeresis,
1329 1575 1470 1639 quae
1497 1553 1815 1642 spiramen
1839 1554 2014 1639 qued
2042 1554 2293 1642 accepit
2321 1555 2516 1619 Adam
2537 1575 2651 1641 pu-

637 1672 728 1726 tat
761 1672 1007 1726 tantum
1037 1682 1205 1734 esse,
1246 1671 1556 1746 quantum
1589 1671 1689 1723 est
1719 1680 1756 1722 a
1790 1657 2045 1722 Christo
2076 1672 2220 1747 post
2258 1659 2652 1724 resurrectio-

634 1787 785 1832 nem
806 1787 1181 1832 concessum
1205 1763 1521 1851 Apostolis
1551 1786 1569 1828 ε
1599 1785 1750 1831 cum
1774 1763 2021 1851 ignoret
2040 1765 2216 1851 quod
2236 1763 2545 1851 spiramen
2565 1774 2654 1825 est

633 1870 901 1939 modicae
929 1868 1175 1933 virtutis
1206 1869 1416 1953 aliqua
1447 1867 1647 1955 gratia
1678 1867 1742 1933 in
1782 1867 2094 1933 audienda
2128 1870 2260 1955 lege
2288 1868 2403 1933 Dei
2424 1869 2654 1931 multo·

581 2020 596 2029 -
634 1996 777 2041 rum
820 1973 1118 2059 primum.
1172 1971 1444 2058 Spiritus
1485 1984 1699 2036 autem
1742 1971 2143 2059 perfectionis
2176 1983 2269 2036 est
2296 1970 2639 2057 plenitudo.

632 2078 964 2168 Spiramen
994 2077 1207 2162 itaque
1244 2077 1431 2141 datur
1463 2076 1542 2141 ab
1572 2076 1831 2142 infantia
1863 2091 1931 2142 et
1962 2075 2447 2146 cathecumenis,
2479 2071 2651 2160 spiri·
2712 2150 2749 2183 Ρ
2872 2070 2873 2141 l

633 2196 735 2249 tus
757 2194 971 2248 autem
997 2182 1063 2247 in
1088 2183 1483 2249 incremento
1509 2182 1816 2248 doctrinae
1831 2181 2103 2271 fideique
2121 2194 2185 2247 et
2211 2178 2494 2245 salutaris
2510 2178 2659 2266 bap-
2714 2186 2717 2189 ’

633 2288 859 2356 tissimi
890 2290 1078 2377 plena
1099 2287 1217 2354 Dei
1254 2288 1476 2376 gratia,
1515 2301 1585 2353 ut
1609 2288 1982 2377 intelligere,
2017 2299 2086 2354 et
2110 2289 2193 2352 ad
2212 2285 2517 2372 majorem
2540 2285 2659 2372 jam

634 2394 827 2483 possit
855 2393 1184 2460 scientiam
1214 2393 1565 2481 pervenire.
1607 2392 1885 2481 Ideoque
1913 2406 2057 2483 post
2087 2392 2513 2482 baptismum,
2537 2390 2660 2477 jam

635 2521 766 2564 non
804 2498 1096 2586 spiritum
1127 2510 1200 2563 ut
1226 2498 1536 2586 Apostoli,
1571 2501 1684 2563 sed
1713 2500 2031 2588 spiramen
2068 2498 2305 2586 accipit
2333 2498 2444 2585 qui
2464 2494 2658 2584 bapti-

637 2617 819 2669 zatur
848 2604 912 2668 in
943 2604 1270 2669 Trinitate.
1304 2602 1667 2669 Commune
1694 2618 1792 2670 est
1811 2605 1984 2669 enim
2016 2605 2305 2669 omnium
2335 2604 2649 2692 spiramen.

638 2708 909 2798 Spiritus
944 2721 1155 2773 autem
1193 2730 1548 2797 paucorum
1575 2721 1672 2774 est
1715 2709 1997 2776 fidelium
2028 2721 2221 2797 atque
2251 2708 2655 2779 credentium,

638 2824 706 2879 et
727 2812 1111 2879 discentium
1132 2863 1149 2889 ,
1187 2826 1255 2878 et
1275 2815 1467 2880 veluti
1493 2816 1572 2880 ab
1586 2815 1829 2881 honore
1860 2817 1941 2880 ad
1963 2815 2300 2890 honorem,
2330 2827 2396 2879 et
2422 2836 2456 2878 a
2477 2812 2663 2902 gloria

640 2920 722 2983 ad
773 2917 1040 3005 gloriam
1094 2920 1405 3008 majorem
1442 2922 1893 3007 coelestemque
1935 2921 2262 2986 scientiam
2305 2933 2368 2984 et
2406 2916 2652 3005 gratiam

640 3022 1140 3113 pervenientium
1162 3071 1181 3098 ,
1223 3024 1475 3090 dicente
1505 3025 1808 3114 Apostolo
1838 3048 1855 3090 ε
1894 3026 2127 3105 «Quod
2162 3049 2198 3090 a
2228 3024 2347 3089 fide
2372 3023 2431 3084 in
2460 3018 2655 3082 fidem

645 3155 671 3188 ι
689 3125 1177 3217 Ρτοεοὰἰωιιεί
1196 3139 1286 3204 et,
1310 3128 1404 3195 «A
1443 3129 1642 3217 gloria
1674 3133 1754 3196 ad
1791 3130 2053 3218 gloriam
2097 3128 2334 3220 prodire
2366 3143 2662 3214 propera·

643 3259 669 3292 ι
688 3255 829 3298 mus
849 3231 898 3297 ⁵.
931 3259 957 3294 ι
997 3232 1276 3320 Ideoque
1300 3233 1386 3299 ait
1416 3233 1552 3322 ipse
1588 3257 1605 3298 ε
1644 3261 1668 3294 α
1692 3235 1939 3300 Primus
1961 3235 2157 3301 homo
2187 3237 2265 3301 de
2287 3245 2451 3298 terra
2479 3241 2666 3295 terre-

640 3358 846 3413 »nus,
888 3339 1204 3403 secundus
1247 3337 1442 3402 homo
1488 3340 1572 3402 de
1613 3340 1803 3405 coelo'
1834 3342 2171 3416 coelestis⁶,
2194 3369 2220 3401 ι
2244 3353 2316 3404 ut
2356 3350 2420 3403 et
2453 3347 2665 3401 natura

647 3462 774 3507 non
797 3465 1011 3508 exsors
1035 3441 1267 3507 Christi
1286 3442 1571 3509 muneris
1594 3444 1947 3511 inveniatur
1961 3447 2159 3513 aliena
2177 3445 2449 3535 penitus,
2478 3443 2539 3507 id
2550 3451 2662 3513 est,

643 3568 762 3611 nec
784 3546 1306 3622 catechumenus,
1337 3558 1402 3613 et
1433 3546 1594 3617 fides
1626 3563 1816 3637 atque
1837 3553 2151 3628 doctrina,
2178 3539 2580 3638 studiumque
2609 3558 2674 3611 et

641 3650 767 3716 vita
800 3650 1138 3739 praedicata
1167 3651 1232 3717 in
1261 3674 1616 3741 paucorum
1640 3655 1924 3723 fidelium
1953 3669 2019 3722 et
2048 3656 2446 3746 cupientium
2468 3655 2678 3719 volun·

641 3764 773 3860 tate
787 3755 1280 3844 dignosceretur
1309 3761 1692 3837 exuberans,
1729 3762 1982 3829 dicente
2009 3762 2287 3829 Domino
2316 3784 2334 3826 ε
2371 3787 2398 3820 α
2414 3757 2685 3826 Habenti

712 3932 731 3961 ⁸
768 3920 912 3973 Rom.
934 3938 1016 3984 xi,
1038 3925 1121 3976 25.
1141 3950 1204 3965 —
1230 3940 1251 3965 ⁸
1274 3927 1450 3978 Baech.
1477 3944 1552 3989 xi,
1579 3945 1731 3997 ¹9·-
1756 3933 1780 3971 ⁸
1798 3931 1917 3984 Luc.
1937 3947 2044 3990 xix,
2063 3892 2145 3991 ho·
2171 3955 2234 3970 -
2258 3933 2279 3974 ⁴
2308 3929 2450 3981 Rom·
2474 3943 2509 3995 ¹¹.
2541 3941 2684 3992 ¹7·-

650 4002 672 4042 θ
698 4016 724 4054 a
748 4000 866 4057 Gor.
893 4018 973 4062 m,
995 4003 1068 4056 ιδ.
1091 4030 1149 4050 -
1170 4006 1195 4042 ⁶
1216 4022 1237 4057 ι
1262 4006 1380 4063 Cor.
1401 4009 1583 4080 xv‚47.
1604 4035 1653 4052 -ι
