2982 4885
668 452 800 542 496
1468 470 1521 513 ι.
1583 467 1928 513 »ntus-nui

667 585 983 677 speluncis
1013 582 1401 650 absconditis
1429 583 1670 648 eisdem
1708 581 1935 648 offerre
1969 577 2288 647 sacrificia
2321 603 2452 649 non
2475 585 2720 652 ‹lesine-

668 693 855 766 bant,
883 688 1213 777 Scriptura
1250 688 1503 753 dicente
1553 686 1728 774 quasi
1772 689 2120 751 multorum
2155 699 2345 774 atquc
2372 691 2715 756 multarum

666 794 855 860 fuisse
882 816 1244 859 numerum.
1274 793 1411 859 Hoc
1439 804 1650 857 autem
1678 804 1783 856 aut
1809 815 1842 856 a
1870 793 2022 858 Belo
2051 814 2221 878 rege,
2249 792 2357 878 qui
2385 793 2711 861 Orientem

669 897 910 988 potenti
961 897 1267 984 regimine
1312 897 1513 962 multo
1571 909 1854 986 tempore
1910 896 2208 970 detinuit,
2266 919 2340 961 ac
2396 899 2471 965 do
2517 897 2714 989 ipsiu:

669 1027 865 1070 uxore
894 1017 960 1069 et
992 1002 1168 1080 filiis,
1204 1002 1558 1076 filiabusve,
1594 1002 1676 1067 ita
1710 1025 1788 1067 ex
1817 1002 2189 1090 parentibus
2221 1002 2425 1067 aeditis
2455 1025 2712 1070 omnem

672 1132 895 1177 eorum
921 1109 1286 1199 progeniem
1313 1108 1692 1197 processisse
1715 1108 2133 1182 monstrabat,
2155 1119 2226 1172 ut
2245 1131 2328 1172 ex
2350 1108 2440 1172 eis
2464 1108 2713 1173 Baalitae

676 1216 1161 1303 appellarentur.
1214 1213 1371 1279 Nam
1422 1225 1495 1278 ut
1538 1225 1636 1278 est
1678 1236 1910 1300 genua,
1965 1225 2077 1277 aut
2122 1212 2543 1288 Graecorum,
2606 1226 2713 1279 aut

677 1319 1077 1394 Aniciorum,
1112 1332 1179 1385 et
1208 1319 1476 1385 aliorum
1496 1367 1514 1393 ,
1552 1319 1636 1383 ita
1670 1341 1748 1383 ex
1778 1319 2150 1407 parentibus
2183 1320 2312 1384 suis
2339 1320 2544 1387 omnis
2573 1320 2711 1385 illo-

677 1447 822 1490 rum
861 1424 1194 1489 emerserit
1234 1422 1593 1512 progenies,
1629 1436 1702 1487 ut
1735 1446 1813 1488 cx
1847 1446 1973 1487 uno
2012 1424 2270 1488 nomine
2303 1424 2489 1513 impia
2520 1448 2712 1513 gene-

679 1529 840 1595 ratio
865 1529 1085 1596 Belitae
1109 1530 1495 1595 dicerentur.
1524 1529 1745 1615 ltaque
1770 1528 2004 1593 mortui
2032 1551 2178 1594 cum
2204 1531 2268 1595 in
2292 1531 2710 1596 monumentis

678 1647 1092 1725 ponerentur,
1115 1647 1181 1701 et
1203 1634 1536 1722 progenies
1562 1633 1816 1699 illorum
1852 1635 2067 1699 itidem
2092 1636 2334 1725 sepulta
2361 1634 2426 1699 in
2448 1658 2526 1700 eo
2548 1637 2706 1711 loco,

681 1742 804 1806 hoc
838 1741 1096 1806 nomine
1125 1763 1159 1804 a
1192 1763 1307 1804 suo
1342 1742 1580 1829 populo
1619 1740 1853 1806 meruit
1877 1764 1910 1805 a
1934 1741 2203 1830 posteris
2229 1741 2610 1827 nuncupari,
2644 1752 2713 1806 ut

678 1846 894 1911 Belitae
929 1846 1399 1934 appellarentur
1431 1868 1462 1910 a
1499 1869 1610 1910 sua
1634 1847 2041 1933 generatione
2074 1846 2352 1934 pristina.
2390 1846 2577 1910 Belus
2610 1867 2716 1909 au-

680 1961 809 2014 tom
852 1950 981 2013 sive
1012 1971 1046 2013 a
1077 1949 1333 2037 proprio
1377 1949 1666 2022 nomine,
1720 1952 1850 2015 sive
1888 1974 1920 2015 a
1956 1951 2317 2016 fortitudine
2347 1949 2522 2022 belli,
2559 1949 2712 2036 quia

681 2055 913 2118 multos
934 2052 1275 2141 superabat
1298 2065 1452 2118 tunc
1479 2056 1806 2143 temporis,
1831 2057 1953 2121 hoc
1974 2078 2193 2121 nomen
2213 2067 2315 2119 aut
2329 2076 2714 2143 coguomem

681 2158 939 2224 sortitus
967 2171 1099 2233 est,
1135 2157 1339 2246 deque
1374 2159 1493 2224 hac
1524 2183 1593 2224 re
1624 2160 1995 2226 «Iudaeorum
2028 2162 2294 2250 populus
2324 2160 2714 2247 impietatem

679 2263 1008 2354 gentilium
1048 2268 1371 2352 sequendo
1420 2289 1453 2330 a
1503 2266 1712 2331 divina
1766 2267 2094 2356 Scriptura
2145 2278 2501 2341 accusatur,
2549 2264 2714 2354 quod

681 2372 1108 2438 sacrificantes
1141 2372 1284 2448 illis,
1313 2372 1378 2438 id.
1400 2385 1519 2448 est,
1556 2374 1833 2464 regibus,
1868 2388 1931 2438 et
1961 2397 2181 2440 corum
2218 2373 2385 2449 filiis.
2423 2375 2714 2463 omnique

681 2478 1038 2567 cognationi
1057 2478 1332 2553 illorum,
1354 2502 1588 2566 eosque
1613 2493 1947 2567 sequentes
1971 2480 2230 2546 diversis
2255 2481 2715 2568 captivitatibus

688 2583 1115 2654 tradebantur.

1099 2829 1265 2882 XXV.
1305 2832 1624 2886 nAEnEsls
1659 2836 1813 2888 CUM
1845 2836 2024 2889 BAAL
2055 2838 2289 2890 mom.

767 3030 925 3108 Aua
970 3056 1067 3109 cst
1098 3044 1354 3110 haeresis
1388 3045 1452 3111 in
1488 3046 1759 3124 Judaeis,
1796 3074 1937 3137 qum
1971 3053 2125 3119 Baal
2158 3053 2553 3129 idolum,.aut
2580 3054 2716 3121 Ba-

678 3150 843 3215 laam
896 3150 1536 3240 pseudo-propheta,
1590 3154 1698 3240 qni
1751 3156 1830 3221 de
1878 3159 2326 3247 Mesopotamia
2376 3162 2722 3228 advenerat

681 3266 902 3322 contra
948 3255 1208 3345 Moysen
1240 3257 1712 3334 beatissimum,
1747 3277 2035 3328 asserunt
2068 3289 2303 3331 nomen
2347 3267 2709 3356 accepisse:

681 3360 829 3447 quia
850 3361 1040 3425 Balac
1069 3375 1218 3425 tunc
1248 3362 1551 3447 temporis
1579 3388 1687 3429 rex
1710 3366 2125 3436 Moabitarum
2154 3372 2326 3440 illum
2357 3387 2712 3460 rogaverat,

676 3475 748 3527 ut
776 3465 857 3527 ad
883 3487 1032 3529 eum
1059 3464 1199 3537 iret,
1226 3475 1289 3528 et
1314 3468 1720 3535 male-liceret
1746 3478 1980 3560 populu
2002 3476 2361 3542 Judaeorum
2380 3478 2420 3540 ¹.
2457 3480 2530 3541 Et
2561 3480 2715 3564 quia

674 3580 746 3633 ut
774 3565 1085 3654 Propheta
1119 3567 1180 3630 in
1215 3566 1560 3657 Scripturis
1591 3589 1740 3641 ante
1771 3578 2131 3656 dicebatur,
2181 3594 2542 3669 contempto
2591 3605 2716 3645 au-

672 3683 800 3737 tem
816 3683 1131 3760 praecepto
1148 3671 1402 3739 Domini
1429 3678 1508 3740 ad
1524 3675 2120 3774 pseudo-propitium
2142 3700 2354 3774 postea
2379 3687 2714 3751 descendit

670 3776 1025 3852 interitum,
1054 3790 1276 3843 contra
1299 3779 1414 3844 Dei
1437 3786 1745 3871 populum
1768 3794 2126 3880 cogntandO.
2156 3789 2366 3858 «Iudaei
2391 3805 2460 3856 ut
2485 3791 2710 3881 pagani

735 3964 755 3996 ⁸
780 3949 923 4003 Num.
950 3968 1071 4013 xxu,
1092 3956 1142 4004 5.
