2982 4885
1241 604 1499 659 uonma
1544 603 1603 657 ν.
2351 588 2427 657 51

400 724 577 819 qnod
609 727 767 793 tales
806 738 1022 793 mente
1056 740 1243 816 atque
1276 728 1661 817 cogitatione
1694 724 1926 794 similes
1966 737 2114 794 sunt
2149 722 2393 793 mundo
2416 778 2436 805 ,

410 856 481 902 ac
503 833 937 902 commotione
956 844 1019 899 et
1037 832 1445 901 instabilitate
1468 833 1946 924 cogitationum,
1968 831 2436 912 incredulitate,
2461 817 2472 825 ’

404 939 819 1015 confusione,
867 951 935 1005 et
972 940 1452 1028 perturbatione
1494 961 1567 1005 ac
1605 952 1812 1014 metu,
1856 950 1930 1004 ut
1970 938 2180 1005 caeteri
2222 958 2444 1005 omnes

406 1046 697 1113 homines
717 1092 736 1121 ,
772 1045 1080 1110 laborent.
1120 1045 1198 1111 Et
1232 1046 1299 1111 hi
1339 1045 1598 1133 quidem
1624 1040 1961 1133 superficie
1980 1057 2167 1110 tenus
2199 1064 2271 1110 ac
2306 1043 2448 1135 opi-

408 1153 599 1220 nione
628 1162 695 1218 et
720 1163 984 1218 externo
1015 1153 1292 1239 quodam
1322 1163 1500 1217 recte
1531 1150 1726 1228 sacto,
1761 1172 1794 1215 a
1830 1152 2073 1216 mundo
2106 1147 2446 1216 differunt:

408 1260 525 1324 sed
555 1257 749 1325 corde
786 1270 974 1345 atque
1012 1257 1221 1323 animo
1252 1256 1792 1345 terrenis‘laqueis
1823 1254 2110 1345 impediti
2143 1268 2322 1334 sunt,
2358 1280 2452 1322 re-

410 1366 630 1453 quiem
669 1366 947 1431 divinam
979 1377 1046 1430 et
1083 1367 1403 1432 coelestem
1443 1384 1670 1454 pacem
1701 1362 1975 1454 Spiritus
2003 1363 2067 1430 in
2100 1366 2296 1431 corde
2325 1385 2455 1429 nou

411 1472 847 1559 possidentes,
874 1492 951 1535 eo
982 1472 1310 1556 quodnon
1344 1469 1648 1555 petierint
1681 1490 1714 1533 a
1744 1468 1880 1534 Deo
1900 1518 1916 1543 ,
1951 1490 2072 1533 nec
2106 1469 2180 1533 iis
2214 1490 2280 1532 se
2314 1489 2458 1532 cre-

429 1574 707 1637 diderint
735 1573 959 1658 dignos
980 1583 1345 1657 reputatum
1378 1572 1475 1633 iri.
1581 1650 1584 1655 μ
2155 1577 2162 1581 “

418 1718 433 1731 ·
517 1672 592 1743 V.
646 1674 768 1740 Per
823 1674 1053 1739 mentis
1098 1672 1268 1740 enim
1321 1666 1796 1740 renovationem
1830 1724 1849 1751 ,
1903 1686 1967 1739 et
2012 1656 2464 1762 cogitationum

412 1779 972 1868 tranquillitatem,
1007 1789 1072 1843 et
1095 1778 1504 1844 dilectionem
1534 1777 1814 1855 Domini,
1841 1791 1905 1844 et
1935 1800 2219 1845 amorem
2241 1782 2467 1845 coeles—

422 1897 553 1952 tem
585 1933 604 1962 ,
652 1885 862 1951 omnis
901 1905 1065 1950 nova
1096 1894 1387 1950 creatura
1437 1880 1944 1955 Christianorum
1986 1886 2064 1951 ab
2099 1883 2465 1953 hominibus

422 1991 616 2079 hujus
642 1991 866 2057 mundi
899 1990 1232 2081 discrepat.
1272 1992 1616 2082 Propterea
1649 1992 1820 2058 enim
1867 1994 2173 2058 adventus
2209 1991 2467 2059 Domini

414 2096 727 2186 contigit,
756 2110 827 2163 ut
855 2098 1030 2165 hisce
1056 2097 1488 2188 spiritualibus
1520 2099 1703 2165 bonis
1737 2100 2105 2187 dignaretur
2126 2120 2274 2165 vere
2306 2096 2369 2164 in
2401 2121 2468 2165 se

419 2205 777 2271 credentes.
818 2204 1034 2270 Gloria
1074 2205 1246 2269 enim
1274 2203 1780 2271 Christianorum
1815 2216 1879 2271 et
1917 2205 2330 2295 pulchritudo
2353 2254 2370 2281 ,
2404 2217 2469 2270 et

424 2308 658 2373 divitiae
682 2311 968 2374 coelestes
988 2308 1342 2374 ineffabiles
1357 2323 1529 2387 sunt,
1557 2323 1623 2375 et
1644 2333 1875 2399 magno
1895 2313 2118 2380 labore
2143 2334 2224 2377 ac
2237 2313 2470 2378 sudoro

427 2410 885 2498 tentationibus
915 2424 981 2477 et
1015 2411 1470 2476 certaminibus
1501 2414 1717 2477 multis
1748 2415 2088 2498 acquisitae.
2138 2417 2330 2497 Quod
2371 2427 2473 2483 to·-

426 2528 570 2598 tum
598 2514 833 2601 ‚gratiae
877 2513 1104 2577 divinae
1154 2511 1622 2579 ascribendum.
1677 2513 1745 2579 si
1801 2514 1973 2580 enim
2024 2521 2258 2583 terreni
2310 2522 2472 2609 regis

426 2630 728 2706 aspectus
759 2617 836 2683 ab
868 2615 1163 2690 omnibus
1187 2616 1556 2683 hominibus
1579 2619 2001 2698 desideratur,
2023 2635 2089 2690 et
2114 2623 2340 2700 omnis,
2364 2627 2473 2713 qui

428 2725 497 2790 in
529 2717 687 2794 urbo
709 2723 871 2812 regis
902 2723 1280 2801 diversatur,
1308 2723 1623 2793 desiderat
1650 2725 1731 2793 ad
1761 2727 2100 2798 minimum
2120 2727 2471 2818 pulchritu-

423 2829 644 2898 dinem
686 2830 832 2919 ‘ejus
875 2830 1126 2908 videre,
1176 2843 1287 2908 aut
1333 2831 1710 2922 elegantiam
1753 2829 2273 2902 vestimentorum
2300 2886 2318 2912 ,
2362 2849 2473 2904 aut

426 2939 1211 3028 purpuraessplendorem',
1262 2937 1580 3004 variarum
1617 2940 2102 3030 margaritarum
2155 2942 2466 3020 nitorem,

432 3041 804 3111 diadematis
833 3046 1165 3119 decorem,
1212 3055 1401 3131 atque
1444 3045 1870 3132 praestantiam
1911 3068 2171 3134 corum,
2210 3068 2348 3134 quae
2392 3046 2502 3118 ad,

428 3151 828 3238 najestatem
874 3149 1012 3239 ejus
1053 3148 1372 3239 pertinent
1399 3175 1420 3228 ς
1452 3145 1598 3215 ‘nisi‘
1640 3152 1812 3237 quod
1849 3149 2201 3240 spirituales
2251 3150 2470 3219 isthaec

433 3264 876 3331 contemnant,
918 3255 1064 3343 quia
1111 3253 1296 3321 aliam
1343 3254 1609 3344 gloriam
1661 3245 1984 3326 coelestem
2028 3256 2473 3350 incorpoream

430 3357 702 3449 experti,
735 3360 857 3426 alia
887 3358 1190 3426 ineffabili
1219 3360 1695 3450 pulchritudine
1729 3360 1990 3440 sauciati
2010 3409 2029 3436 ,
2078 3359 2470 3452 aliarumque

433 3465 795 3533 divitiarum
833 3465 1172 3554 participes
1220 3477 1370 3531 sunt
1409 3441 1560 3533 lacti
1582 3483 1600 3542 ¹,
1649 3479 1714 3534 et
1756 3466 2110 3560 secundum
2142 3466 2470 3534 internum

432 3572 783 3649 hominem,
814 3574 1005 3639 alium
1035 3571 1340 3665 Spiritum
1373 3572 1699 3642 consecuti
1725 3587 1888 3639 sunt.
1934 3572 2254 3653 Quoniam
2277 3573 2468 3665 igitur

436 3673 857 3761 buiusmundi
866 3676 1183 3753 homines,
1202 3675 1310 3765 qui
1328 3675 1618 3765 spiritum
1634 3677 1856 3743 mundi
1875 3678 2221 3768 possident,
2236 3671 2466 3770 magno

439 3778 746 3847 desiderio
767 3795 1065 3850 tenentur
1089 3780 1324 3849 terreni
1354 3781 1517 3872 rogis
1540 3785 2035 3874 contemplandi,
2065 3787 2284 3854 saltem
2317 3806 2470 3852 cum

437 3883 615 3951 omni
640 3897 862 3953 ornatu
879 3903 942 3956 et
960 3889 1160 3978 gloria
1177 3887 1314 3979 ejus
1338 3915 1353 3953 τ
1382 3889 1620 3978 ‹suanto
1639 3889 1886 3957 enimin
1904 3892 1976 3960 iis
1990 3918 2128 3984 quae
2144 3894 2462 3974 videntur,

376 3985 397 3998 ‘
439 3989 724 4055 conditio
749 3988 892 4076 ojus
925 3994 1130 4079 major
1159 4008 1289 4070 est,
1321 4016 1514 4082 quam
1554 3993 1840 4061 omnium
1875 3997 2209 4066 hominum
2231 4051 2250 4078 ,
2292 4013 2466 4067 tanto
2494 4050 2503 4059 .

440 4095 795 4186 gloriosius,
829 4107 1005 4162 tauto
1027 4099 1360 4184 optabilius
1379 4102 1456 4166 ab
1473 4099 1769 4167 omnibus
1790 4099 2082 4179 babetur,
2106 4107 2208 4172 vel
2221 4109 2468 4173 tantum

2180 4212 2245 4296 4.
