2982 4885
603 538 733 606 356
1281 554 1330 598 s.
1385 550 1647 597 uacum
1694 548 1963 595 serr-ru

599 672 771 738 enim
807 667 1104 739 affectum
1145 667 1224 732 ad
1261 667 1497 756 aliquid
1530 687 1609 733 ex
1643 667 1983 742 mundanis
2012 666 2328 756 contingit
2358 691 2509 734 eum
2534 683 2667 741 aut.

601 778 669 843 in
697 776 914 865 ignem
945 773 1203 861 conjici,
1240 773 1530 839 autmari
1561 774 1865 862 demergi,
1896 773 2084 839 autin
2116 773 2544 862 captivitatem
2577 799 2641 841 se
2682 794 2687 797 ⁴

601 883 810 971 ipsum
848 879 1118 946 tradere.
1175 878 1481 953 Ponatur,
1519 878 1782 944 domum
1814 890 1923 943 aut
1948 878 2162 943 villam
2197 901 2350 944 casu
2385 880 2645 947 fortuito

600 986 1002 1054 inflammari.
1049 985 1178 1064 Qui
1221 985 1604 1072 ergo-saluti
1642 987 1974 1075 consulere
2017 985 2631 1074 propriaedecrevit,

598 1094 903 1183 neglectis
948 1091 1163 1157 statim
1209 1090 1507 1156 omnibus
1553 1090 1834 1179 aufugit,
1884 1090 2065 1179 quasi
2117 1092 2225 1177 qui
2274 1091 2640 1157 incendium

516 1274 519 1280 Δ
602 1201 734 1289 jam
772 1197 1024 1271 sentiat,
1057 1217 1185 1261 suae
1210 1195 1397 1261 unice
1422 1197 1562 1261 vitm
1590 1219 1811 1261 curam
1834 1195 2160 1262 servandae
2177 1196 2434 1262 habens.
2459 1197 2645 1263 Alius

606 1320 819 1377 autem
852 1326 1067 1368 amore
1106 1301 1443 1389 cujusdam
1475 1302 1676 1377 vasis,
1715 1315 1784 1367 ut
1827 1302 1893 1367 id
1930 1301 2202 1367 ssammoe
2246 1304 2643 1367 subtractum

601 1432 822 1481 secum
838 1407 1082 1483 efferat,
1106 1419 1427 1482 moratum
1454 1409 1650 1496 inque
1665 1407 1781 1474 ista
1797 1429 1976 1472 mora
2009 1420 2075 1473 et
2106 1418 2328 1472 conatu
2353 1406 2641 1471 circum-

569 1502 828 1582 ⁰ventus
861 1538 895 1578 a
927 1514 1304 1602 praevalente
1357 1512 1643 1602 undique
1694 1514 1837 1602 igne
1884 1510 2225 1601 corripitur
2263 1523 2326 1576 et
2372 1510 2609 1575 combu
2636 1548 2649 1561 ι

608 1622 789 1690 ritur.
849 1619 1038 1686 Vides
1103 1631 1172 1683 ut
1219 1619 1475 1707 propria
1521 1621 1845 1685 voluntate
1897 1631 1963 1683 et
2015 1640 2228 1683 amore
2292 1615 2650 1705 cujuspiam

612 1706 976 1816 temporalis
1010 1725 1098 1790 rei
1124 1773 1141 1798 ‚
1174 1747 1366 1810 quam
1400 1736 1633 1812 praeter
1664 1747 1753 1797 se,
1792 1723 1921 1787 imo
1951 1746 2142 1809 super
2170 1746 2237 1786 se
2270 1746 2345 1788 ac
2380 1725 2644 1787 salutem

607 1828 787 1899 snam
813 1823 1060 1895 videtur
1075 1828 1357 1914 diligere,
1379 1827 1519 1903 talis
1542 1826 1815 1890 flammis
1839 1826 2212 1890 absumitur.
2246 1826 2407 1891 Aliis
2434 1850 2643 1893 rursus

608 1939 674 2002 in
711 1933 1104 2020 naufragium
1128 1930 1580 2005 incidentibus,
1615 1931 1668 1995 is
1690 1932 1949 2018 quidem
1984 1933 2237 1997 illorum
2261 1934 2375 2020 qui
2403 1957 2642 2000 servare

609 2064 676 2105 se
727 2040 971 2128 ipsum,
1006 2047 1317 2123 quantum
1361 2048 1611 2126 potest,
1659 2036 1924 2100 omnino
1972 2037 2349 2113 constitnit,
2400 2041 2641 2105 cunctis

608 2138 938 2211 confestim
970 2140 1253 2206 vestibus
1279 2140 1570 2229 abjectis,
1604 2140 1848 2206 nudum
1881 2164 1948 2207 se
1976 2140 2039 2207 in
2072 2163 2299 2230 aquam
2333 2144 2548 2220 mittit,
2581 2157 2644 2210 et

611 2251 735 2317 hac
766 2248 1011 2313 ratione
1050 2259 1262 2335 potest
1317 2269 1497 2311 suam
1522 2268 1915 2313 'conservare
1952 2247 2166 2313 vitam.
2209 2249 2290 2315 At
2334 2244 2651 2339 quispiam

401 2404 410 2409 «
609 2364 690 2422 ex
718 2354 875 2428 istis,
901 2365 1138 2418 vestem
1172 2373 1547 2419 conservare
1576 2352 1868 2439 cupiens,
1906 2353 2281 2421 absorbetur
2315 2355 2638 2431 ssuct‘ibus,

615 2472 875 2550 propter
904 2459 1338 2534 vile'lucrum,
1364 2480 1402 2524 o
1437 2457 1755 2523 miseriam
1782 2461 1796 2523 Ξ
1833 2483 1900 2525 se
1928 2460 2135 2548 ipsum
2168 2463 2449 2551 perdens.
2490 2464 2540 2527 F
2541 2464 2645 2527 in·-

615 2579 802 2655 gatur
856 2561 1085 2630 iterum
1150 2563 1462 2654 judicium
1521 2563 1786 2652 perferri
1838 2565 2204 2655 irruptionis
2256 2566 2486 2632 hostilis
2506 2614 2524 2642 ,
2570 2580 2640 2631 ct

617 2670 960 2758 quemdam
992 2668 1203 2733 statim
1233 2691 1268 2731 a
1301 2669 1554 2757 cognito
1587 2670 1871 2757 periculo
1898 2673 2091 2759 pedes
2122 2673 2183 2737 in
2214 2673 2423 2763 fugam
2453 2696 2644 2761 quam
2694 2709 2697 2712 1

616 2786 829 2864 potest
858 2772 1316 2838 velocissimam
1342 2775 1517 2848 dare,
1554 2778 2263 2866 securumfreliquorum
2296 2794 2521 2868 praeter
2550 2803 2640 2854 se,

615 2877 923 2944 omnium.
946 2876 1030 2941 At
1050 2875 1242 2948 alium
1266 2899 1395 2942 non
1425 2878 1603 2967 prius
1630 2883 1791 2946 velle
1827 2881 2067 2971 sugere,
2097 2907 2284 2971 quam
2310 2886 2646 2974 pecuniam

618 3005 834 3050 secum
868 2981 1148 3057 auferat3
1189 2984 1300 3047 sed
1330 2983 1512 3052 'hunc
1552 2997 1962 3052 cunctantem
2005 2988 2239 3054 hostilis
2278 3011 2502 3054 manus
2542 3013 2650 3054 su·-

616 3088 990 3180 perveniens
1020 3089 1523 3179 comprehendit.
1564 3089 1778 3167 Vides,
1813 3095 2128 3160 voluntate
2163 3093 2337 3159 istius
2364 3095 2643 3184 propria,

615 3207 682 3260 ct
701 3205 964 3283 propter
994 3193 1418 3259 adhaesionem
1445 3193 1631 3257 nimis
1659 3192 1978 3264 addictam
2012 3198 2260 3265 cuidam
2294 3203 2639 3265 mundana·

614 3322 842 3365 narum
868 3322 1107 3374 rerum,
1143 3298 1372 3363 misere
1396 3298 1575 3362 illum
1601 3310 1667 3364 et
1697 3304 1981 3391 corporis
2012 3318 2077 3370 et
2098 3305 2323 3370 animae
2356 3306 2645 3394 irrepara-

612 3406 808 3472 bilem
841 3405 1054 3471 subire
1081 3403 1415 3490 jacturam.

698 3508 971 3575 XXVu.
1009 3506 1202 3572 Pauci
1249 3507 1537 3594 profecto
1583 3523 1769 3590 sunt,
1805 3514 1915 3602 qui
1960 3516 2305 3604 perfectam
2338 3519 2413 3582 ad
2444 3518 2643 3580 Deum

616 3612 988 3678 charitatem
1022 3609 1297 3676 habeant
1315 3637 1334 3688 ς
1362 3613 1477 3707 qui
1500 3638 1721 3682 omnes
1737 3621 2091 3707 voluptates
2109 3621 2333 3686 mundi
2345 3633 2406 3685 et
2429 3638 2643 3683 omnes

616 3716 995 3806 cupiditates
1029 3714 1210 3782 nihili
1236 3716 1508 3796 ducant;
1543 3722 1652 3809 qui
1684 3725 1954 3814 denique
1987 3751 2207 3794 omnes
2239 3726 2498 3815 maligni
2521 3736 2649 3790 ten-

618 3822 884 3890 tationes
907 3821 1172 3910 patienti
1190 3824 1667 3913 longanimitate
1693 3831 2030 3918 perferant.
2073 3835 2385 3900 Caeterum
2410 3854 2538 3898 non
2569 3829 2648 3894 ob

613 3924 741 4028 lsoc
786 3926 1285 4015 desperandum3
1332 3952 1542 4018 neque
1577 3932 1745 4001 bona
1782 3931 1923 4025 spes
1966 3937 2343 4027 negligenda
2372 3949 2488 4002 est.
2524 3932 2649 4000 Etsi

612 4031 782 4112 onim
817 4035 1253 4102 multae'naves
1289 4037 1690 4129 naufragium
1711 4045 2062 4132 patiantur,
2090 4058 2241 4115 sunt
2276 4059 2489 4115 tamen
2525 4062 2655 4114 om?
