2982 4885
1110 523 1362 568 nouum
1413 524 1599 570 xtvu.
2261 515 2388 601 289

350 652 447 705 est
487 638 899 713 intrinsecus,
953 652 1141 726 atque
1184 653 1255 704 ut
1284 640 1562 705 breviter
1594 641 1850 707 dicam·
1894 644 2404 735 «Quaecumque'

315 745 848 834 'ncontingebant
896 746 1052 821 illis,
1102 746 1167 809 in
1218 743 1418 833 figura
1463 743 1746 811 fiebant:
1795 749 2024 837 scripta
2057 775 2205 816 vero
2236 767 2387 820 sunt

349 863 653 939 »propter
690 851 1186 916 admonitionem
1219 850 1449 916 nostri¹
1461 899 1477 916 .
1512 879 1536 913 ι
1569 851 1839 918 Abrahae
1882 857 2050 921 enim
2098 833 2388 948 praedixit

347 955 517 1022 Deus
548 956 855 1033 futurum,
899 981 1157 1046 nempe,
1196 984 1222 1017 ι
1252 957 1482 1022 Semen
1516 970 1698 1023 tuum
1732 960 1853 1024 erit
1879 960 2132 1028 incola
2117 976 2181 1030 1'n
2216 981 2386 1034 terra

348 1089 373 1123 ι
393 1086 521 1127 non
554 1087 690 1138 sua,
716 1077 780 1128 et
806 1064 1081 1151 affligent
1105 1064 1284 1140 illud,
1322 1085 1393 1128 ac
1426 1064 1487 1127 in
1523 1065 1889 1129 servitutem
1915 1066 2202 1155 redigent
2227 1096 2390 1158 qua-

348 1168 675 1256 »draginta
702 1168 953 1233 annos².
976 1170 1156 1234 »Hoc
1183 1169 1488 1258 implebat
1516 1169 1796 1234 nmhrae·
1779 1170 2135 1258 imaginem.
2171 1173 2387 1262 Siqui-

348 1273 494 1337 dem
507 1220 750 1338 1:incola
810 1274 932 1339 suit
984 1277 1277 1363 populus,
1332 1287 1397 1340 et
1443 1276 1507 1340 in
1553 1275 1918 1340 servitutem
1968 1277 2044 1341 ab
2079 1279 2198 1343 AE
2158 1282 2387 1369 gyptiis

344 1382 628 1454 redacto,
658 1392 847 1467 atque
876 1381 940 1444 in
973 1382 1108 1445 luto
1139 1394 1201 1445 et
1239 1384 1434 1447 latere
1469 1382 1758 1447 afflictus·
1796 1383 2383 1454 Praeficiebatenim

347 1483 468 1546 illis
490 1484 731 1548 Pharao
756 1485 1085 1571 praefectos
1111 1500 1175 1550 et
1201 1487 1625 1551 stimulatores
1647 1487 1882 1575 operis,
1912 1501 1981 1551 ut
2005 1489 2386 1575 perficerent

343 1609 535 1676 opera
575 1610 687 1652 sua
726 1589 1100 1653 necessitate
1132 1592 1402 1676 quadam
1448 1591 1714 1657 coacti³.
1761 1591 2052 1679 Cumque
2087 1593 2389 1680 ingemis-

342 1705 560 1758 cerent
591 1691 703 1757 filii
736 1693 924 1757 Israe'l
958 1694 1035 1757 ab
1070 1695 1368 1781 operibus
1401 1696 1528 1760 suis
1560 1698 1640 1760 ad
1665 1695 1895 1772 Deum,
1926 1709 2060 1760 tum
2098 1696 2390 1764 visitabat

338 1822 448 1864 eos
470 1822 583 1887 per
605 1799 877 1873 Mosem3
907 1822 978 1864 ac
1004 1801 1220 1864 multis
1242 1800 1441 1888 plagis
1464 1802 1774 1889 AEgyptiis
1802 1803 2138 1889 percussiS.
2166 1826 2391 1869 mense

336 1902 590 1980 florum,
627 1907 881 1992 quando
909 1904 1189 1992 primum
1224 1918 1482 1993 apparet
1509 1906 2005 1971 amoenissimum
2030 1929 2164 1983 ver,
2198 1906 2392 1972 tristi-

240 1992 251 1998 ·
334 2010 419 2075 tia
443 2010 688 2099 hyemis
710 2025 1152 2100 praetereunte,
1180 2011 1396 2077 educit
1417 2035 1525 2077 eos
1550 2034 1627 2076 ex
1650 2011 1948 2102 AEgypto.

422 2113 525 2182 IV.
580 2116 750 2182 Dixit
782 2128 994 2181 autem
1027 2118 1198 2181 Deus
1226 2117 1420 2182 Mosi:
1467 2146 1493 2176 ι
1520 2119 1600 2182 Ut
1633 2139 1865 2204 agnum
1900 2117 2220 2204 acciperet
2253 2116 2377 2181 im-

333 2247 360 2281 »
376 2222 791 2295 maculatum,
807 2234 870 2284 et
895 2222 1274 2295 immolaret,
1296 2234 1358 2285 et
1379 2223 1683 2310 sanguine
1707 2223 1846 2307 ejus
1869 2233 2136 2310 ungeret
2157 2224 2375 2288 limina

333 2336 441 2387 »et
469 2325 658 2399 sores,
696 2346 775 2386 ne
807 2324 913 2408 qui
946 2327 1253 2410 perdebat
1276 2325 1705 2411 primogenita
1736 2328 2207 2413 AEgyptiorum,
2244 2341 2385 2395 tan»

333 2439 551 2516 »geret
596 2425 1281 2514 eos⁴.»Conspicicbat
1318 2428 1487 2491 enim
1538 2427 1770 2491 missus
1805 2429 2082 2515 Angelus
2122 2431 2372 2519 signum

331 2532 650 2620 sanguinis
680 2531 954 2605 eminus,
981 2543 1046 2595 et
1069 2531 1425 2596 recedebat.
1470 2532 1954 2619 Ingrediebatur
1979 2556 2125 2598 vero
2152 2538 2390 2601 domos

330 2661 457 2703 non
506 2639 803 2726 signatae,
837 2650 902 2702 et
934 2660 1119 2702 omne
1148 2638 1645 2727 primogenitum
1681 2637 2123 2704 interficiebat.
2153 2667 2177 2698 ι
2198 2641 2364 2706 Pme-

326 2754 540 2808 »terea
592 2767 845 2831 quoque
904 2744 1287 2808 fermentum
1350 2768 1426 2809 cx
1479 2766 1887 2830 quacumque
1942 2746 2130 2808 domo
2181 2744 2367 2831 jussit

325 2877 352 2911 ι
373 2851 642 2925 aboleri,
696 2863 762 2915 et
808 2861 1157 2915 mactatum
1213 2872 1444 2938 agnum
1500 2872 1647 2914 cum
1704 2849 1941 2937 azymis
1986 2864 2052 2915 et
2101 2851 2366 2916 lactucis

322 2982 349 3017 ι
370 2956 717 3044 agrestibus
749 2955 1084 3021 comedere
1112 2956 1475 3045 praecepit⁵.
1507 2983 1532 3015 n
1570 2953 1653 3019 Et
1682 2956 1936 3042 quidem
1970 2959 2366 3022 manducare

320 3086 428 3128 eos
458 3063 667 3149 jussit,
713 3090 738 3122 α
763 3061 1267 3127 Cin-cumcinctos
1318 3061 1614 3135 renibuS,
1659 3074 1723 3125 ct
1765 3060 2032 3148 pedibus
2065 3063 2374 3126 sandaliis·

322 3170 702 3240 scalceatos,
738 3167 997 3233 baculos
1034 3167 1325 3232 manibus
1361 3164 1718 3232 tenentcs⁸.
1741 3195 1767 3225 »
1792 3166 1865 3229 Et
1897 3166 1979 3229 Ita
2015 3190 2160 3232 cum
2177 3166 2359 3231 omni

315 3252 711 3336 festinatione
741 3273 820 3335 ad
856 3293 1178 3361 vesperam
1209 3274 1398 3338 oder-e
1432 3272 1616 3359 jubet
1648 3269 1886 3335 Pascha
1918 3270 2197 3343 Domini,
2238 3293 2368 3334 nec

316 3364 446 3442 ullo
468 3382 660 3445 modo
688 3401 828 3446 ossa
852 3400 1063 3444 coram
1094 3380 1253 3443 sacic
1283 3380 1540 3444 Domini
1572 3376 1989 3461 confringere.

403 3482 478 3547 V.
535 3483 772 3550 Verum
786 3483 1001 3549 eduxit
1023 3505 1130 3544 eos
1147 3504 1295 3544 cum
1318 3494 1577 3566 argento
1605 3494 1667 3544 et
1694 3502 1875 3552 auio,
1897 3500 2044 3542 cum
2075 3477 2378 3561 jussisset

316 3600 541 3651 mutuo
565 3590 850 3676 accipere
874 3584 1219 3672 quemlibet
1245 3606 1277 3644 a
1305 3582 1512 3645 vicino
1538 3605 1651 3646 suo
1678 3586 1795 3647 AEt*
1757 3583 1973 3670 gyptio
2000 3604 2140 3644 vasa
2168 3604 2353 3648 aurea

318 3703 382 3753 ct
412 3691 766 3775 argentea⁷.
792 3689 1037 3775 Egressi
1064 3699 1211 3751 sunt
1235 3699 1447 3751 autem
1472 3707 1550 3748 ex
1577 3686 1874 3773 AEgypto,
1904 3707 2048 3749 cum
2077 3686 2197 3749 AE
2157 3685 2355 3774 gyptii

316 3795 654 3883 sepelirent
704 3793 1139 3882 primogenita.
1185 3792 1264 3856 Et
1303 3792 1423 3856 illis
1462 3791 1721 3877 quidem
1754 3790 2165 3855 oboriebatur
2194 3814 2374 3878 gau-

384 3961 396 3983 ¹
431 3963 450 3997 ι
479 3948 596 3996 Cor.
624 3964 673 4006 x,
704 3963 777 3996 ιι.
802 3958 904 3983 -2
935 3944 1066 3996 Gen.
1090 3961 1174 4005 xv,
1203 3945 1275 3995 ιδ.
1298 3947 1403 3983 -3
1426 3942 1584 3995 Exod.
1614 3960 1648 3999 ι.
1685 3960 1737 3993 ιι
1774 3952 1820 3995 et
1853 3942 1927 4003 16.
1950 3975 2010 3987 -
2033 3942 2158 3994 ⁴1d.
2182 3959 2276 4007 ιιι,
2299 3945 2380 4006 5,’

309 4045 339 4093 7
365 4036 411 4079 et
445 4045 515 4079 ιι.
548 4056 608 4066 ——
633 4034 655 4065 ⁵
682 4028 811 4079 lbid.
845 4045 921 4092 ια,
947 4029 1148 4080 nrm-⁶
1172 4028 1302 4078 Ibid.
1333 4042 1490 4077 u.-—
1516 4036 1536 4073 1
1569 4026 1697 4078 lbid.
1722 4025 1905 4090 35,36.

535 4134 749 4177 xhvur.
2009 4132 2085 4197 19
