2982 4885
982 518 993 527 .
1094 488 1354 538 noman
1399 491 1483 537 tv.
1657 514 1660 519 «
2230 467 2318 536 33

274 606 503 675 mentis
525 605 734 671 minus
752 603 909 695 piis,
937 603 1281 673 observans
1307 628 1443 683 cor,
1478 628 1560 672 ne
1591 603 2002 693 cogitationes
2033 604 2317 696 ejusper

280 712 590 779 mundum
638 712 788 777 hinc
831 712 980 777 inde
1023 712 1538 802 circumagantur
1576 735 1594 777 z
1640 723 1706 776 et
1746 711 1835 775 sic
1897 733 2027 777 non
2082 712 2321 799 absquo

282 842 489 910 pugna
519 831 586 883 et
614 818 868 894 labore,
901 840 981 882 ex
1012 818 1185 884 omni
1218 832 1402 907 parte
1432 816 1767 906 diligenter
1797 828 1862 881 et
1897 827 2139 881 attente
2170 839 2321 883 con-

285 924 490 989 tinens
533 923 820 988 membra
871 924 1154 1012 corporis
1191 946 1225 987 a
1265 923 1540 1000 malitia,
1585 923 1662 988 ab
1696 922 1870 988 omni
1899 921 2317 999 laceratione,

284 1029 758 1104 combustione,
808 1040 874 1094 et
914 1029 1383 1116 inquinatione,
1427 1031 1799 1119 praeclaram
1833 1028 2117 1118 corporis
2147 1029 2324 1094 tuni-

285 1157 463 1212 cam,
511 1135 863 1200 immunem
902 1146 1247 1201 conservat.
1315 1135 1428 1202 Illa
1475 1135 1609 1224 ipsa
1661 1133 1933 1221 denique
1980 1158 2095 1224 por
2141 1157 2322 1202 suam

284 1245 698 1321 voluntatem,
726 1264 866 1328 quae
890 1241 1335 1331 cognoscendi,
1358 1240 1751 1330 intelligendi
1769 1251 1834 1305 et
1846 1239 2246 1307 discernendi
2264 1240 2324 1307 vi

284 1348 545 1437 praedita
588 1360 716 1424 est,
766 1370 836 1413 ac
892 1348 1153 1413 omnino
1193 1360 1267 1413 ut
1297 1347 1541 1420 dicam,
1578 1369 1694 1434 per
1725 1345 1983 1411 Domini
2027 1347 2327 1415 virtutem

287 1455 785 1529 conservabitur,
819 1478 958 1542 quae
982 1468 1047 1520 et
1071 1478 1136 1519 se
1160 1454 1362 1542 ipsam
1389 1474 1506 1541 pro
1542 1452 1777 1516 viribus
1813 1452 1941 1517 suis
1981 1452 2240 1519 cohibet
2261 1465 2328 1520 et

289 1560 365 1623 ab
379 1559 554 1639 pmni
583 1558 1092 1645 concupiscentia
1116 1560 1436 1621 mundana
1468 1556 1772 1619 subducit
1800 1578 1816 1619 :
1849 1567 2037 1640 atque
2056 1554 2146 1620 sic
2162 1557 2331 1621 auxi-

291 1663 448 1728 lium
477 1686 511 1726 a
541 1661 816 1727 Domino
848 1659 1261 1734 nanciscitur,
1293 1672 1366 1725 ut
1388 1680 1604 1723 revera
1644 1658 2039 1723 custodiatur
2064 1682 2098 1724 a
2117 1660 2327 1736 malis,

217 1849 237 1867 .
291 1792 429 1857 quae
454 1779 635 1832 antea
662 1766 1193 1832 enumeravimus.
1219 1764 1562 1852 Siquando
1586 1763 1756 1829 enim
1779 1764 2090 1831 Dominus
2113 1788 2304 1855 quom
2321 1808 2331 1817 ν·

287 1876 456 1964 piam
493 1872 759 1948 viderit,
801 1872 910 1959 qui
952 1870 1235 1959 gnaviter
1268 1868 1343 1935 ab
1382 1865 1577 1957 hujus
1614 1869 1835 1934 mundi
1860 1871 2334 1958 voluptatibus,

290 1979 806 2047 distractionibus
845 1991 910 2044 et
957 1978 1126 2043 curis
1171 1976 1395 2042 crassis
1440 1997 1513 2041 ac
1543 1976 1820 2040 terrenis
1840 1976 2108 2042 vinculis
2139 1991 2329 2064 atque
2379 2044 2380 2047 ,

289 2086 590 2150 ‘vanarum
641 2084 1099 2174 cogitationum
1134 2081 1660 2171 occupationibus
1691 2105 1759 2147 se
1788 2096 2039 2160 avocet,
2071 2096 2328 2173 praestat

290 2191 376 2258 illi
406 2192 726 2281 peculiare
761 2190 976 2280 gratiae
1012 2189 1350 2264 auxilium,
1386 2188 1770 2275 illaesamque
1813 2189 2086 2255 animam
2116 2190 2322 2266 illam,

291 2320 428 2384 quae
469 2297 712 2361 sortiter
751 2318 1027 2385 praesens
1056 2296 1182 2360 hoc
1214 2296 1521 2360 saeculum
1550 2316 1915 2380 perversum
1947 2298 2322 2383 pertransit,

294 2412 647 2469 conservat.
696 2400 776 2463 Et
803 2400 893 2478 sic
927 2399 1135 2462 anima
1168 2400 1422 2462 coeleste
1454 2396 1846 2484 praeconium
1876 2422 1911 2463 a
1945 2403 2079 2469 Deo
2101 2418 2166 2471 et
2197 2408 2326 2476 An-

296 2509 448 2596 gelis
472 2505 612 2594 ejus
648 2503 1081 2587 consequitur,
1116 2503 1286 2587 quod
1320 2512 1558 2565 vestem
1588 2502 1866 2587 corporis
1908 2506 2004 2569 sui
2036 2521 2102 2572 et
2137 2534 2203 2574 se
2227 2514 2328 2599 ip-

299 2636 434 2678 sam
475 2621 769 2675 accurate
813 2605 1229 2683 conservarit,
1272 2607 1580 2693 et‚quod,
1619 2617 1925 2692 quantum
1962 2608 2027 2674 in
2066 2634 2132 2678 se
2173 2614 2325 2695 fuit,

302 2717 382 2782 ab
416 2716 588 2793 omni
623 2713 1130 2803 concupiscentia
1164 2714 1483 2792 mundana
1509 2733 1724 2777 aversa
1754 2724 1819 2778 et
1841 2729 2082 2784 remota
2101 2768 2118 2799 ,
2147 2723 2330 2788 auxia

297 2824 513 2910 lioque
537 2821 748 2889 divino
779 2820 1009 2910 potita,
1045 2842 1304 2886 cursum
1328 2818 1513 2885 stadii
1543 2817 1734 2906 hujus
1765 2819 1905 2888 vitae
1926 2822 2194 2893 scliciter
2219 2831 2327 2894 ab·

295 2927 565 2994 solverit.
1266 2920 1273 2929 ⁵

379 3032 452 3100 V.
510 3031 576 3097 Si
598 3031 738 3120 quis
771 3043 983 3098 autem
1012 3028 1262 3120 pigritia
1294 3042 1359 3095 et
1391 3029 1656 3119 segnitie
1680 3032 2004 3113 diffluens,
2037 3055 2225 3108 caute
2257 3044 2323 3110 in

292 3137 413 3204 hac
450 3139 574 3204 vita
613 3161 740 3203 non
780 3138 1102 3210 ambulet,
1141 3147 1207 3200 et
1233 3158 1311 3200 ex
1343 3159 1453 3202 sua
1487 3136 1681 3224 ipsius
1718 3141 2037 3209 voluntate
2059 3170 2321 3218 omnem

295 3243 876 3332 concupiscentiam
900 3243 1289 3308 mundanam
1309 3264 1437 3306 non
1462 3256 1804 3318 aversetur,
1829 3268 1948 3312 nec
1972 3250 2321 3324 Dominum

292 3352 496 3414 solum
528 3349 591 3413 in
622 3349 794 3414 omni
827 3349 1135 3414 desiderio
1168 3348 1480 3435 requirat,
1508 3348 1574 3414 in
1602 3350 1810 3438 spinas
1839 3365 1904 3418 et
1924 3376 2181 3424 nemora
2203 3362 2321 3427 hu-

290 3450 393 3539 jus
415 3454 638 3518 mundi
663 3453 1024 3539 conjicitur,
1049 3465 1109 3517 et
1142 3453 1218 3517 ab
1255 3452 1381 3539 igni
1405 3449 1937 3543 concupiscentiae
1971 3464 2156 3530 vestis
2181 3490 2323 3539 cop..

289 3559 461 3645 poris
490 3558 911 3633 comburitur,
941 3570 1006 3626 et
1036 3580 1223 3623 coeno
1260 3560 1656 3646 voluptatum
1688 3562 2053 3649 inquinatur
2080 3594 2096 3633 ε
2133 3586 2202 3640 et
2228 3580 2319 3645 sic

294 3662 660 3739 timida,kac
699 3663 833 3728 sine
865 3662 1099 3727 fiducia
1141 3663 1208 3728 in
1252 3662 1353 3728 dio
1392 3662 1615 3746 judicii
1650 3668 1853 3736 anima
1904 3674 2322 3764 deprehendi-

292 3777 425 3838 tur,
450 3788 526 3829 eo
548 3767 749 3853 quod,
783 3791 930 3834 cum
966 3791 1148 3835 suam
1171 3758 1411 3834 vestein
1440 3767 1918 3843 immaculatam
1946 3802 2321 3854 conservare

288 3893 426 3936 non
470 3874 776 3958 potuerit,
818 3896 958 3941 eam
1002 3873 1262 3939 fallaciis
1303 3872 1496 3961 hujus
1537 3878 1747 3941 saeculi
1792 3889 2146 3974 corruperit
2185 3914 2202 3955 ς
2254 3906 2321 3959 et

289 3990 627 4069 propterea
661 3999 854 4065 reguo
882 3981 1254 4051 extruditur.
1296 3980 1472 4063 Quid
1506 3982 1677 4048 enim
1707 3982 1997 4058 facturus*
2022 3993 2193 4063 Deus
2223 4013 2320 4066 est

515 4104 727 4151 xum.
2061 4100 2101 4165 3
