2982 4885
1038 534 1296 601 nomm
1339 526 1569 601 mvn.
2185 524 2317 609 affl

279 668 391 758 qui
424 666 612 737 laesus
630 678 744 734 est.
799 691 828 728 ι
858 667 932 734 In
965 691 1117 758 qno.
1154 670 1386 760 inquit,
1422 670 1672 760 judicas
1704 671 1974 737 alterum
2000 722 2018 749 ,
2051 670 2118 738 in
2150 696 2228 741 eo
2252 687 2319 743 te

280 803 307 838 ι
328 776 532 863 ipsum
551 773 975 840 condemnas:
1007 776 1068 841 in
1101 800 1227 864 quo
1250 801 1398 842 vero
1424 776 1710 851 remittit,
1735 777 2093 844 remittetur
2122 779 2247 848 ei¹.
2273 782 2299 845 ὀ

280 879 375 943 lta
414 879 586 944 enim
621 879 721 945 lex
755 881 958 967 inquit
994 902 1010 945 ε
1065 906 1091 941 α
1121 881 1193 946 ln
1231 883 1443 948 medio
1487 880 1710 970 judicii
1755 882 2101 970 judicium,
2148 898 2213 952 et
2250 884 2319 952 iu

278 1010 305 1047 ι
324 985 535 1059 medio
568 984 957 1051 remissionis
988 986 1296 1054 remissio.
1335 1015 1361 1048 ι
1728 1060 1733 1067 ,

364 1090 703 1156 Plenitudo
747 1113 895 1180 ergo
937 1090 1090 1179 legis
1134 1090 1421 1157 remissio
1456 1088 1570 1157 est.
1618 1086 1936 1157 Caeterum
1986 1117 2011 1151 ι
2038 1088 2324 1163 Prioreffi

280 1195 529 1282 »legem
554 1223 580 1255 ι
620 1196 927 1273 diximus,
963 1220 1090 1261 non
1123 1201 1296 1286 quod
1327 1197 1500 1263 Deus
1532 1199 1688 1261 duas
1719 1198 1888 1284 leges
1923 1194 2327 1286 praescripse-

280 1299 362 1362 rit
393 1299 797 1376 hominibus,
832 1301 945 1365 sed
977 1302 1233 1366 unicam
1261 1350 1277 1379 ,
1323 1314 1388 1367 et
1426 1302 1687 1391 quidem
1717 1301 1888 1365 illam
1923 1302 2317 1391 spiritualem

281 1425 360 1467 ex
380 1415 602 1468 natura
635 1426 658 1465 e
687 1407 899 1491 quoad
922 1405 1267 1471 vindictam
1290 1430 1465 1481 vero,
1504 1406 1740 1493 justam
1775 1406 2046 1470 inserens
2080 1406 2323 1471 unicui-

281 1530 408 1595 que
437 1509 781 1585 ultionem,
817 1511 1165 1575 remittenti
1196 1513 1504 1586 remittit,
1540 1525 1604 1576 et
1632 1513 1933 1576 aemulum
1958 1514 2313 1577 aemulatur.

281 1610 498 1697 lnquit
519 1611 690 1675 enim
720 1633 735 1673 ε
773 1636 798 1670 ι
823 1612 987 1677 Cum
1017 1615 1245 1688 electo,
1275 1615 1518 1678 electus
1542 1613 1687 1688 eris,
1727 1635 1790 1678 et
1815 1636 1962 1677 cum
1996 1632 2324 1702 perverso,

281 1737 620 1803 »perverse
653 1737 794 1802 ages
816 1715 863 1780 ².
907 1744 933 1776 ι
987 1717 1416 1807 Quapropter,
1445 1718 1553 1805 qui
1588 1718 1998 1806 spiritualiter
2029 1740 2170 1782 eam
2203 1718 2325 1782 im-

282 1823 494 1907 plent,
536 1831 601 1884 et
629 1842 747 1906 pro
777 1822 969 1884 modo
1001 1821 1339 1908 participes
1372 1833 1524 1886 sunt
1552 1821 1801 1908 gratim,
1840 1843 1964 1883 non
1996 1820 2325 1886 beneficos

284 1924 528 1997 solum',
571 1924 686 1986 sed
730 1923 921 1987 etiam
968 1925 1398 1988 conviciantes
1432 1947 1509 1989 ae
1548 1936 1987 2011 persecutores
2021 1925 2324 2012 diligunt,

284 2027 676 2114 spiritualem
701 2027 1077 2093 charitatem
1101 2041 1506 2116 expectantes
1530 2052 1645 2116 pro
1670 2028 2185 2093 remuneratione
2206 2028 2329 2093 bo·-

283 2153 514 2195 norum
548 2154 564 2194 z
602 2157 627 2189 ι
653 2132 982 2196 Bonorum
1007 2160 1033 2193 a»
1062 2145 1276 2197 autem
1301 2133 1445 2221 dico
1466 2182 1484 2209 ,
1518 2155 1649 2196 non
1675 2133 1822 2219 quia
1845 2131 2114 2197 offensas
2142 2132 2329 2198 remi-

283 2247 524 2307 serunt,
552 2232 777 2298 verum
796 2235 943 2320 quia
979 2236 1214 2299 animas
1244 2236 1547 2322 injuriam
1578 2233 1985 2299 inserentium
2010 2233 2327 2300 beneficio

285 2359 539 2426 quoque
577 2335 947 2409 affecerunt.
1006 2336 1111 2400 Sic
1151 2337 1324 2399 enim
1363 2359 1471 2399 eos
1513 2337 1885 2400 obtulerunt
1920 2336 2056 2400 Deo
2098 2384 2114 2410 ,
2160 2357 2232 2398 ac
2279 2337 2331 2400 si

288 2465 404 2532 per
453 2463 561 2506 eos
603 2438 1071 2504 beatitudinem
1119 2438 1445 2502 consecuti
1501 2449 1749 2511 essent,
1793 2439 2335 2522 quemadmodum

289 2545 496 2634 inquit
524 2567 541 2609 ε
574 2569 600 2603 α
634 2542 813 2609 Beati
845 2541 994 2605 estis
1021 2564 1168 2605 cum
1202 2540 1647 2606 maledixerint
1674 2540 1847 2605 vohis
1870 2590 1887 2615 ‚
1925 2554 1989 2605 et
2018 2543 2335 2629 persecuti

291 2673 446 2715 »vos
470 2647 703 2713 suerint
724 2697 741 2722 ,
775 2659 840 2712 et
867 2646 1140 2711 dixerint
1169 2669 1359 2711 omne
1383 2649 1624 2712 malum
1653 2649 1948 2712 adversus
1971 2668 2078 2710 vos
2099 2696 2118 2722 ,
2154 2647 2339 2711 med-

295 2756 569 2821 »tientes
601 2764 861 2842 propter
890 2751 1052 2817 me⁸.
1095 2781 1120 2812 ο
1459 2831 1468 2836 η

384 2859 460 2926 V.
513 2857 568 2923 A
590 2860 734 2944 lege
760 2856 1067 2945 spirituali
1089 2906 1105 2930 ,
1130 2868 1203 2920 ut
1229 2857 1317 2920 sic
1341 2854 1691 2931 sentirent,
1723 2855 1933 2920 edocti
1965 2868 2129 2921 sunt.
2168 2855 2385 2928 Dum.

296 2962 466 3028 enlm
504 2963 818 3053 patienter
847 2961 1093 3038 serunt,
1142 2974 1206 3026 et
1239 2962 1429 3026 animi
1462 2961 2015 3026 mansuetudinem
2048 2971 2334 3038 servant,

295 3065 604 3135 Dominus
660 3069 914 3132 intuens
959 3066 1330 3155 patientiam
1383 3067 1594 3132 cordis
1623 3117 1639 3141 ,
1685 3066 1857 3132 bello
1902 3067 2227 3155 oppressi,
2274 3080 2343 3134 et

300 3172 607 3238 charitate
649 3173 914 3236 minime
947 3173 1310 3238 labe-scente
1338 3222 1356 3247 ,
1394 3172 1592 3237 diruit
1631 3198 1657 3231 α
1691 3169 2105 3236 interstitium
2136 3193 2345 3238 mace-

300 3276 518 3353 »riae⁴,
552 3305 579 3339 u
625 3289 812 3364 atque
843 3282 998 3343 adeo
1026 3280 1347 3366 ingentem
1382 3277 1779 3344 inimicitiam
1813 3280 2231 3364 expulerunt,
2269 3283 2342 3339 ut

298 3402 427 3444 non
458 3382 727 3469 amplius
749 3380 846 3456 vi,
875 3384 987 3447 sed
1013 3405 1160 3446 cum
1187 3383 1417 3447 auxilio
1441 3383 1816 3448 charitatem
1842 3381 1959 3448 sibi
1983 3376 2343 3476 subjectam

301 3482 591 3550 habeant.
640 3484 954 3550 Dominus
986 3485 1159 3547 enim
1200 3486 1470 3570 posthac
1512 3491 1770 3549 coercet
1808 3480 2162 3547 versatilem
2207 3482 2341 3570 gla-

307 3586 479 3649 dium
500 3636 518 3662 ,
551 3590 937 3654 excitantem
973 3585 1389 3673 cogitationes
1414 3634 1432 3660 ,
1466 3595 1531 3648 et
1566 3585 2011 3673 ingrediuntur
2045 3584 2343 3666 interiora
2431 3658 2436 3663 ⁸

303 3688 630 3753 velaminis
661 3740 680 3765 ,
729 3715 855 3777 quo
902 3711 1260 3780 praecursor
1306 3711 1423 3778 pro
1471 3687 1659 3752 nohis
1703 3686 1947 3753 introiit
1975 3684 2285 3751 Dominus
2321 3708 2338 3751 z

309 3798 376 3855 et
405 3809 555 3856 cum
582 3791 1001 3860 delectatione
1029 3795 1329 3859 l'ruuntur
1357 3794 1673 3861 fructibus
1702 3790 1996 3883 Spiritus,
2035 3803 2222 3881 atque
2251 3787 2344 3902 513

379 3953 399 3978 ⁸
427 3942 570 4090 nim.
615 3958 672 4002 ιι,
702 3958 750 4002 ι.
783 3960 830 3995 2.
859 3943 970 3984 δέ·
995 3943 1129 3999 Pul.
1151 3935 1281 4032 avii,
1320 3949 1398 4002 26.
1426 3978 1489 3991 -
1515 3951 1540 3989 ³
1573 3947 1756 4002 naith.
1791 3964 1838 4006 v,
1886 3961 1961 4000 ιι.
2003 3975 2068 3988 -
2103 3936 2127 3988 ’4
2166 3946 2343 4038 Ephe·-

310 4037 387 4086 Π,
431 4039 451 4073 ¹
