<?xml version="1.0" encoding="UTF-8"?>
<!DOCTYPE html PUBLIC "-//W3C//DTD XHTML 1.0 Transitional//EN"
    "http://www.w3.org/TR/xhtml1/DTD/xhtml1-transitional.dtd">
<html xmlns="http://www.w3.org/1999/xhtml" xml:lang="en" lang="en">
 <head>
  <title>
</title>
<meta http-equiv="Content-Type" content="text/html;charset=utf-8" />
  <meta name='ocr-system' content='tesseract 3.04.00' />
  <meta name='ocr-capabilities' content='ocr_page ocr_carea ocr_par ocr_line ocrx_word'/>
</head>
<body>
  <div class='ocr_page' id='page_1' title='image "./sanctorummacari00egypgoog_0349.png"; bbox 0 0 2982 4885; ppageno 0'>
   <div class='ocr_carea' id='block_1_1' title="bbox 937 559 2316 630">
    <p class='ocr_par' dir='ltr' id='par_1_1' title="bbox 937 559 2316 630">
     <span class='ocr_line' id='line_1_1' title="bbox 937 559 2316 630; baseline 0.004 -6"><span class='ocrx_word' id='word_1_1' title='bbox 937 581 1016 627; x_wconf 71' lang='lat' dir='ltr'><strong>nn</strong></span> <span class='ocrx_word' id='word_1_2' title='bbox 1066 581 1372 628; x_wconf 64' lang='lat' dir='ltr'><strong>cus-roma</strong></span> <span class='ocrx_word' id='word_1_3' title='bbox 1423 577 1654 625; x_wconf 75' lang='lat' dir='ltr'><strong>comus.</strong></span> <span class='ocrx_word' id='word_1_4' title='bbox 2173 559 2316 630; x_wconf 80' lang='lat'><strong>‘313</strong></span> 
     </span>
    </p>
   </div>
   <div class='ocr_carea' id='block_1_2' title="bbox 286 694 2358 2368">
    <p class='ocr_par' dir='ltr' id='par_1_2' title="bbox 286 694 2313 789">
     <span class='ocr_line' id='line_1_2' title="bbox 286 694 2313 789; baseline 0 -24"><span class='ocrx_word' id='word_1_5' title='bbox 286 698 530 774; x_wconf 80' lang='lat' dir='ltr'><strong>cordis3</strong></span> <span class='ocrx_word' id='word_1_6' title='bbox 564 698 794 764; x_wconf 87' lang='lat' dir='ltr'><strong>deinde</strong></span> <span class='ocrx_word' id='word_1_7' title='bbox 817 718 966 764; x_wconf 90' lang='lat' dir='ltr'><strong>cum</strong></span> <span class='ocrx_word' id='word_1_8' title='bbox 988 699 1180 765; x_wconf 90' lang='lat' dir='ltr'><strong>homo</strong></span> <span class='ocrx_word' id='word_1_9' title='bbox 1216 694 1689 786; x_wconf 73' lang='lat' dir='ltr'><strong>quaerit,&#39;venit</strong></span> <span class='ocrx_word' id='word_1_10' title='bbox 1726 695 1805 762; x_wconf 87' lang='lat' dir='ltr'><strong>ad</strong></span> <span class='ocrx_word' id='word_1_11' title='bbox 1835 696 2048 786; x_wconf 79' lang='lat' dir='ltr'><strong>ipsum</strong></span> <span class='ocrx_word' id='word_1_12' title='bbox 2081 701 2313 789; x_wconf 78' lang='lat' dir='ltr'><strong>gratia,</strong></span> 
     </span>
    </p>

    <p class='ocr_par' dir='ltr' id='par_1_3' title="bbox 286 801 2325 1001">
     <span class='ocr_line' id='line_1_3' title="bbox 286 801 2325 893; baseline 0.002 -24"><span class='ocrx_word' id='word_1_13' title='bbox 286 818 351 869; x_wconf 89' lang='lat' dir='ltr'><strong>et</strong></span> <span class='ocrx_word' id='word_1_14' title='bbox 382 814 652 892; x_wconf 88' lang='lat' dir='ltr'><strong>occupat</strong></span> <span class='ocrx_word' id='word_1_15' title='bbox 697 805 822 869; x_wconf 91' lang='lat' dir='ltr'><strong>duo</strong></span> <span class='ocrx_word' id='word_1_16' title='bbox 867 806 1155 870; x_wconf 85' lang='lat' dir='ltr'><strong>membra</strong></span> <span class='ocrx_word' id='word_1_17' title='bbox 1201 804 1444 870; x_wconf 86' lang='lat' dir='ltr'><strong>animae.</strong></span> <span class='ocrx_word' id='word_1_18' title='bbox 1487 801 1614 881; x_wconf 90' lang='lat' dir='ltr'><strong>Qui</strong></span> <span class='ocrx_word' id='word_1_19' title='bbox 1654 823 1804 888; x_wconf 84' lang='lat' dir='ltr'><strong>ergo</strong></span> <span class='ocrx_word' id='word_1_20' title='bbox 1838 802 2198 893; x_wconf 89' lang='lat' dir='ltr'><strong>inexpertus</strong></span> <span class='ocrx_word' id='word_1_21' title='bbox 2233 830 2325 873; x_wconf 91' lang='lat' dir='ltr'><strong>re-</strong></span> 
     </span>
     <span class='ocr_line' id='line_1_4' title="bbox 286 906 2323 1001; baseline 0.003 -28"><span class='ocrx_word' id='word_1_22' title='bbox 286 931 455 984; x_wconf 83' lang='lat' dir='ltr'><strong>rum,</strong></span> <span class='ocrx_word' id='word_1_23' title='bbox 495 907 682 974; x_wconf 87' lang='lat' dir='ltr'><strong>sentit</strong></span> <span class='ocrx_word' id='word_1_24' title='bbox 715 910 1045 998; x_wconf 85' lang='lat' dir='ltr'><strong>appulsum</strong></span> <span class='ocrx_word' id='word_1_25' title='bbox 1083 909 1482 999; x_wconf 82' lang='lat' dir='ltr'><strong>provocantis</strong></span> <span class='ocrx_word' id='word_1_26' title='bbox 1514 906 1769 995; x_wconf 72' lang='lat' dir='ltr'><strong>gratiae,</strong></span> <span class='ocrx_word' id='word_1_27' title='bbox 1808 909 2109 974; x_wconf 89' lang='lat' dir='ltr'><strong>continuo</strong></span> <span class='ocrx_word' id='word_1_28' title='bbox 2140 925 2323 1001; x_wconf 86' lang='lat' dir='ltr'><strong>putet</strong></span> 
     </span>
    </p>

    <p class='ocr_par' dir='ltr' id='par_1_4' title="bbox 288 1015 2317 1106">
     <span class='ocr_line' id='line_1_5' title="bbox 288 1015 2317 1106; baseline 0.002 -25"><span class='ocrx_word' id='word_1_29' title='bbox 288 1018 458 1105; x_wconf 90' lang='lat' dir='ltr'><strong>quod</strong></span> <span class='ocrx_word' id='word_1_30' title='bbox 488 1016 828 1082; x_wconf 83' lang='lat' dir='ltr'><strong>adveniens</strong></span> <span class='ocrx_word' id='word_1_31' title='bbox 859 1017 1057 1106; x_wconf 85' lang='lat' dir='ltr'><strong>gratia</strong></span> <span class='ocrx_word' id='word_1_32' title='bbox 1103 1039 1324 1082; x_wconf 87' lang='lat' dir='ltr'><strong>omnes</strong></span> <span class='ocrx_word' id='word_1_33' title='bbox 1358 1015 1581 1082; x_wconf 80' lang='lat' dir='ltr'><strong>animae</strong></span> <span class='ocrx_word' id='word_1_34' title='bbox 1613 1027 1828 1103; x_wconf 84' lang='lat' dir='ltr'><strong>partes</strong></span> <span class='ocrx_word' id='word_1_35' title='bbox 1879 1021 2317 1105; x_wconf 71' lang='lat' dir='ltr'><strong>occupaverit,</strong></span> 
     </span>
    </p>

    <p class='ocr_par' dir='ltr' id='par_1_5' title="bbox 286 1109 2358 2368">
     <span class='ocr_line' id='line_1_6' title="bbox 286 1109 2326 1213; baseline 0.002 -28"><span class='ocrx_word' id='word_1_36' title='bbox 286 1124 600 1211; x_wconf 78' lang='lat' dir='ltr'>planeque</span> <span class='ocrx_word' id='word_1_37' title='bbox 632 1144 702 1187; x_wconf 84' lang='lat' dir='ltr'><strong>ac</strong></span> <span class='ocrx_word' id='word_1_38' title='bbox 745 1123 1044 1188; x_wconf 74' lang='lat' dir='ltr'><strong>radicitus</strong></span> <span class='ocrx_word' id='word_1_39' title='bbox 1092 1109 1474 1213; x_wconf 80' lang='lat' dir='ltr'><strong>extirpatum</strong></span> <span class='ocrx_word' id='word_1_40' title='bbox 1516 1120 1594 1185; x_wconf 86' lang='lat' dir='ltr'><strong>sit</strong></span> <span class='ocrx_word' id='word_1_41' title='bbox 1630 1133 2004 1210; x_wconf 81' lang='lat' dir='ltr'><strong>peccatum3</strong></span> <span class='ocrx_word' id='word_1_42' title='bbox 2043 1143 2190 1187; x_wconf 91' lang='lat' dir='ltr'><strong>cum</strong></span> <span class='ocrx_word' id='word_1_43' title='bbox 2229 1137 2326 1189; x_wconf 89' lang='lat' dir='ltr'><strong>ta-</strong></span> 
     </span>
     <span class='ocr_line' id='line_1_7' title="bbox 286 1227 2327 1316; baseline 0.001 -25"><span class='ocrx_word' id='word_1_44' title='bbox 286 1249 437 1292; x_wconf 88' lang='lat' dir='ltr'><strong>men</strong></span> <span class='ocrx_word' id='word_1_45' title='bbox 460 1227 759 1315; x_wconf 89' lang='lat' dir='ltr'><strong>pleraque</strong></span> <span class='ocrx_word' id='word_1_46' title='bbox 790 1228 997 1294; x_wconf 88' lang='lat' dir='ltr'><strong>adhuc</strong></span> <span class='ocrx_word' id='word_1_47' title='bbox 1032 1229 1255 1294; x_wconf 86' lang='lat' dir='ltr'><strong>animae</strong></span> <span class='ocrx_word' id='word_1_48' title='bbox 1286 1227 1572 1293; x_wconf 86' lang='lat' dir='ltr'><strong>membra</strong></span> <span class='ocrx_word' id='word_1_49' title='bbox 1610 1248 1828 1290; x_wconf 87' lang='lat' dir='ltr'><strong>revera</strong></span> <span class='ocrx_word' id='word_1_50' title='bbox 1859 1248 1894 1291; x_wconf 84' lang='lat' dir='ltr'><strong>a</strong></span> <span class='ocrx_word' id='word_1_51' title='bbox 1918 1240 2181 1316; x_wconf 89' lang='lat' dir='ltr'><strong>peccato</strong></span> <span class='ocrx_word' id='word_1_52' title='bbox 2213 1230 2327 1293; x_wconf 90' lang='lat' dir='ltr'><strong>de-</strong></span> 
     </span>
     <span class='ocr_line' id='line_1_8' title="bbox 290 1327 2330 1423; baseline 0.002 -28"><span class='ocrx_word' id='word_1_53' title='bbox 290 1330 634 1406; x_wconf 87' lang='lat' dir='ltr'><strong>tineantur,</strong></span> <span class='ocrx_word' id='word_1_54' title='bbox 694 1354 894 1397; x_wconf 85' lang='lat' dir='ltr'><strong>unum</strong></span> <span class='ocrx_word' id='word_1_55' title='bbox 932 1345 1181 1399; x_wconf 87' lang='lat' dir='ltr'><strong>tantum</strong></span> <span class='ocrx_word' id='word_1_56' title='bbox 1234 1357 1313 1399; x_wconf 82' lang='lat' dir='ltr'><strong>ex</strong></span> <span class='ocrx_word' id='word_1_57' title='bbox 1353 1332 1451 1397; x_wconf 91' lang='lat' dir='ltr'><strong>his</strong></span> <span class='ocrx_word' id='word_1_58' title='bbox 1491 1327 1834 1418; x_wconf 77' lang='lat' dir='ltr'>quodpiam</span> <span class='ocrx_word' id='word_1_59' title='bbox 1880 1334 2078 1422; x_wconf 84' lang='lat' dir='ltr'><strong>gratia</strong></span> <span class='ocrx_word' id='word_1_60' title='bbox 2126 1334 2330 1423; x_wconf 84' lang='lat' dir='ltr'><strong>possi-</strong></span> 
     </span>
     <span class='ocr_line' id='line_1_9' title="bbox 292 1436 2333 1524; baseline 0 -23"><span class='ocrx_word' id='word_1_61' title='bbox 292 1438 515 1511; x_wconf 88' lang='lat' dir='ltr'><strong>dente;</strong></span> <span class='ocrx_word' id='word_1_62' title='bbox 577 1437 905 1502; x_wconf 77' lang='lat' dir='ltr'><strong>nesciente</strong></span> <span class='ocrx_word' id='word_1_63' title='bbox 970 1438 1105 1524; x_wconf 88' lang='lat' dir='ltr'><strong>ipso</strong></span> <span class='ocrx_word' id='word_1_64' title='bbox 1161 1438 1456 1512; x_wconf 81' lang='lat' dir='ltr'><strong>homine,</strong></span> <span class='ocrx_word' id='word_1_65' title='bbox 1522 1450 1586 1502; x_wconf 90' lang='lat' dir='ltr'><strong>et</strong></span> <span class='ocrx_word' id='word_1_66' title='bbox 1632 1436 1855 1523; x_wconf 88' lang='lat' dir='ltr'><strong>supine</strong></span> <span class='ocrx_word' id='word_1_67' title='bbox 1913 1437 2159 1503; x_wconf 85' lang='lat' dir='ltr'><strong>sinente</strong></span> <span class='ocrx_word' id='word_1_68' title='bbox 2214 1438 2333 1502; x_wconf 87' lang='lat' dir='ltr'><strong>sibi</strong></span> 
     </span>
     <span class='ocr_line' id='line_1_10' title="bbox 291 1538 2331 1631; baseline 0.001 -27"><span class='ocrx_word' id='word_1_69' title='bbox 291 1538 553 1626; x_wconf 87' lang='lat' dir='ltr'><strong>imponi.</strong></span> <span class='ocrx_word' id='word_1_70' title='bbox 593 1540 704 1603; x_wconf 88' lang='lat' dir='ltr'><strong>Est</strong></span> <span class='ocrx_word' id='word_1_71' title='bbox 733 1542 903 1604; x_wconf 90' lang='lat' dir='ltr'><strong>enim</strong></span> <span class='ocrx_word' id='word_1_72' title='bbox 930 1543 1127 1629; x_wconf 84' lang='lat' dir='ltr'><strong>gratia</strong></span> <span class='ocrx_word' id='word_1_73' title='bbox 1156 1546 1536 1630; x_wconf 88' lang='lat' dir='ltr'><strong>plerumque</strong></span> <span class='ocrx_word' id='word_1_74' title='bbox 1566 1541 1995 1608; x_wconf 87' lang='lat' dir='ltr'><strong>indesinenter</strong></span> <span class='ocrx_word' id='word_1_75' title='bbox 2025 1564 2294 1631; x_wconf 82' lang='lat' dir='ltr'><strong>operans</strong></span> <span class='ocrx_word' id='word_1_76' title='bbox 2312 1591 2331 1617; x_wconf 89' lang='lat'><strong><em>,</em></strong></span> 
     </span>
     <span class='ocr_line' id='line_1_11' title="bbox 293 1645 2338 1737; baseline 0.001 -26"><span class='ocrx_word' id='word_1_77' title='bbox 293 1645 460 1722; x_wconf 82' lang='lat' dir='ltr'><strong>sicut</strong></span> <span class='ocrx_word' id='word_1_78' title='bbox 522 1648 745 1711; x_wconf 90' lang='lat' dir='ltr'><strong>oculus</strong></span> <span class='ocrx_word' id='word_1_79' title='bbox 808 1646 1049 1712; x_wconf 85' lang='lat' dir='ltr'><strong>defixus</strong></span> <span class='ocrx_word' id='word_1_80' title='bbox 1110 1650 1175 1713; x_wconf 91' lang='lat' dir='ltr'><strong>in</strong></span> <span class='ocrx_word' id='word_1_81' title='bbox 1219 1672 1507 1737; x_wconf 89' lang='lat' dir='ltr'><strong>corpore.</strong></span> <span class='ocrx_word' id='word_1_82' title='bbox 1576 1649 1659 1713; x_wconf 88' lang='lat' dir='ltr'><strong>Et</strong></span> <span class='ocrx_word' id='word_1_83' title='bbox 1712 1659 2052 1735; x_wconf 86' lang='lat' dir='ltr'><strong>peccatum</strong></span> <span class='ocrx_word' id='word_1_84' title='bbox 2121 1647 2338 1713; x_wconf 89' lang='lat' dir='ltr'><strong>subest</strong></span> 
     </span>
     <span class='ocr_line' id='line_1_12' title="bbox 291 1754 2331 1843; baseline 0 -25"><span class='ocrx_word' id='word_1_85' title='bbox 291 1763 575 1818; x_wconf 85' lang='lat' dir='ltr'><strong>mentem</strong></span> <span class='ocrx_word' id='word_1_86' title='bbox 613 1754 775 1818; x_wconf 88' lang='lat' dir='ltr'><strong>clam</strong></span> <span class='ocrx_word' id='word_1_87' title='bbox 812 1754 1172 1843; x_wconf 81' lang='lat' dir='ltr'><strong>surripiens.</strong></span> <span class='ocrx_word' id='word_1_88' title='bbox 1229 1756 1311 1822; x_wconf 89' lang='lat' dir='ltr'><strong>Et</strong></span> <span class='ocrx_word' id='word_1_89' title='bbox 1365 1768 1516 1820; x_wconf 90' lang='lat' dir='ltr'><strong>tunc</strong></span> <span class='ocrx_word' id='word_1_90' title='bbox 1550 1755 1659 1841; x_wconf 88' lang='lat' dir='ltr'><strong>qui</strong></span> <span class='ocrx_word' id='word_1_91' title='bbox 1720 1754 2102 1819; x_wconf 77' lang='lat' dir='ltr'><strong>discretione</strong></span> <span class='ocrx_word' id='word_1_92' title='bbox 2137 1765 2331 1827; x_wconf 83' lang='lat' dir='ltr'><strong>caret,</strong></span> 
     </span>
     <span class='ocr_line' id='line_1_13' title="bbox 292 1858 2338 1948; baseline 0 -27"><span class='ocrx_word' id='word_1_93' title='bbox 292 1868 535 1922; x_wconf 89' lang='lat' dir='ltr'><strong>temere</strong></span> <span class='ocrx_word' id='word_1_94' title='bbox 570 1871 907 1924; x_wconf 84' lang='lat' dir='ltr'><strong>autumans</strong></span> <span class='ocrx_word' id='word_1_95' title='bbox 943 1882 1010 1924; x_wconf 87' lang='lat' dir='ltr'><strong>se</strong></span> <span class='ocrx_word' id='word_1_96' title='bbox 1038 1859 1441 1948; x_wconf 86' lang='lat' dir='ltr'><strong>perfectionis</strong></span> <span class='ocrx_word' id='word_1_97' title='bbox 1478 1861 1736 1924; x_wconf 89' lang='lat' dir='ltr'><strong>culmen</strong></span> <span class='ocrx_word' id='word_1_98' title='bbox 1765 1870 2012 1933; x_wconf 88' lang='lat' dir='ltr'><strong>tenere,</strong></span> <span class='ocrx_word' id='word_1_99' title='bbox 2039 1858 2338 1922; x_wconf 80' lang='lat' dir='ltr'><strong>intumes-</strong></span> 
     </span>
     <span class='ocr_line' id='line_1_14' title="bbox 294 1951 2358 2053; baseline 0 -26"><span class='ocrx_word' id='word_1_100' title='bbox 294 1962 381 2027; x_wconf 90' lang='lat' dir='ltr'><strong>cit</strong></span> <span class='ocrx_word' id='word_1_101' title='bbox 409 1960 711 2049; x_wconf 86' lang='lat' dir='ltr'><strong>opinione</strong></span> <span class='ocrx_word' id='word_1_102' title='bbox 738 1966 861 2040; x_wconf 90' lang='lat' dir='ltr'><strong>sui,</strong></span> <span class='ocrx_word' id='word_1_103' title='bbox 899 1967 1084 2052; x_wconf 84' lang='lat' dir='ltr'><strong>plene</strong></span> <span class='ocrx_word' id='word_1_104' title='bbox 1106 1966 1239 2052; x_wconf 87' lang='lat' dir='ltr'><strong>jam</strong></span> <span class='ocrx_word' id='word_1_105' title='bbox 1261 1988 1329 2030; x_wconf 92' lang='lat' dir='ltr'><strong>se</strong></span> <span class='ocrx_word' id='word_1_106' title='bbox 1351 1965 1691 2031; x_wconf 85' lang='lat' dir='ltr'><strong>liberatum</strong></span> <span class='ocrx_word' id='word_1_107' title='bbox 1723 1977 1982 2053; x_wconf 83' lang='lat' dir='ltr'><strong>putans,</strong></span> <span class='ocrx_word' id='word_1_108' title='bbox 2011 1951 2358 2051; x_wconf 63' lang='lat' dir='ltr'><strong>quod‘non·</strong></span> 
     </span>
     <span class='ocr_line' id='line_1_15' title="bbox 292 2067 2342 2147; baseline 0.001 -14"><span class='ocrx_word' id='word_1_109' title='bbox 292 2067 376 2133; x_wconf 87' lang='lat' dir='ltr'><strong>ita</strong></span> <span class='ocrx_word' id='word_1_110' title='bbox 408 2081 502 2134; x_wconf 84' lang='lat' dir='ltr'><strong>est</strong></span> <span class='ocrx_word' id='word_1_111' title='bbox 516 2093 536 2144; x_wconf 67' lang='grc' dir='ltr'><strong><em>ς</em></strong></span> <span class='ocrx_word' id='word_1_112' title='bbox 573 2071 666 2135; x_wconf 86' lang='lat' dir='ltr'><strong>uti</strong></span> <span class='ocrx_word' id='word_1_113' title='bbox 708 2073 878 2137; x_wconf 89' lang='lat' dir='ltr'><strong>enim</strong></span> <span class='ocrx_word' id='word_1_114' title='bbox 914 2072 1076 2147; x_wconf 85' lang='lat' dir='ltr'><strong>dixi,</strong></span> <span class='ocrx_word' id='word_1_115' title='bbox 1112 2071 1329 2138; x_wconf 86' lang='lat' dir='ltr'><strong>subest</strong></span> <span class='ocrx_word' id='word_1_116' title='bbox 1361 2074 1546 2138; x_wconf 89' lang='lat' dir='ltr'><strong>dolus</strong></span> <span class='ocrx_word' id='word_1_117' title='bbox 1577 2070 1832 2137; x_wconf 85' lang='lat' dir='ltr'><strong>latentis</strong></span> <span class='ocrx_word' id='word_1_118' title='bbox 1858 2071 1924 2135; x_wconf 92' lang='lat' dir='ltr'><strong>in</strong></span> <span class='ocrx_word' id='word_1_119' title='bbox 1951 2068 2193 2136; x_wconf 88' lang='lat' dir='ltr'><strong>insidiis</strong></span> <span class='ocrx_word' id='word_1_120' title='bbox 2230 2070 2342 2135; x_wconf 87' lang='lat' dir='ltr'><strong>Sa-</strong></span> 
     </span>
     <span class='ocr_line' id='line_1_16' title="bbox 297 2177 2336 2262; baseline 0.001 -24"><span class='ocrx_word' id='word_1_121' title='bbox 297 2186 491 2248; x_wconf 76' lang='lat' dir='ltr'><strong>tanae3</strong></span> <span class='ocrx_word' id='word_1_122' title='bbox 543 2177 879 2262; x_wconf 83' lang='lat' dir='ltr'><strong>aliquando</strong></span> <span class='ocrx_word' id='word_1_123' title='bbox 937 2178 1093 2242; x_wconf 89' lang='lat' dir='ltr'><strong>nihil</strong></span> <span class='ocrx_word' id='word_1_124' title='bbox 1138 2204 1204 2244; x_wconf 91' lang='lat' dir='ltr'><strong>se</strong></span> <span class='ocrx_word' id='word_1_125' title='bbox 1237 2179 1583 2251; x_wconf 86' lang='lat' dir='ltr'><strong>moventis,</strong></span> <span class='ocrx_word' id='word_1_126' title='bbox 1629 2189 1699 2242; x_wconf 86' lang='lat' dir='ltr'><strong>ut</strong></span> <span class='ocrx_word' id='word_1_127' title='bbox 1731 2179 2030 2244; x_wconf 87' lang='lat' dir='ltr'><strong>credatur</strong></span> <span class='ocrx_word' id='word_1_128' title='bbox 2075 2177 2336 2251; x_wconf 82' lang='lat' dir='ltr'><strong>abesse,</strong></span> 
     </span>
     <span class='ocr_line' id='line_1_17' title="bbox 297 2277 2343 2368; baseline 0 -27"><span class='ocrx_word' id='word_1_129' title='bbox 297 2299 372 2342; x_wconf 89' lang='lat' dir='ltr'><strong>ac</strong></span> <span class='ocrx_word' id='word_1_130' title='bbox 414 2278 503 2340; x_wconf 87' lang='lat' dir='ltr'><strong>sic</strong></span> <span class='ocrx_word' id='word_1_131' title='bbox 534 2279 786 2341; x_wconf 86' lang='lat' dir='ltr'><strong>noxiam</strong></span> <span class='ocrx_word' id='word_1_132' title='bbox 819 2277 1122 2368; x_wconf 82' lang='lat' dir='ltr'><strong>fiduciam</strong></span> <span class='ocrx_word' id='word_1_133' title='bbox 1156 2283 1483 2368; x_wconf 83' lang='lat' dir='ltr'><strong>ingeneret</strong></span> <span class='ocrx_word' id='word_1_134' title='bbox 1514 2281 1793 2353; x_wconf 83' lang='lat' dir='ltr'><strong>homini,</strong></span> <span class='ocrx_word' id='word_1_135' title='bbox 1823 2280 1979 2344; x_wconf 85' lang='lat' dir='ltr'><strong>salso</strong></span> <span class='ocrx_word' id='word_1_136' title='bbox 2011 2279 2343 2344; x_wconf 80' lang='lat' dir='ltr'><strong>arbitranti</strong></span> 
     </span>
    </p>
   </div>
   <div class='ocr_carea' id='block_1_3' title="bbox 301 2380 2348 2570">
    <p class='ocr_par' dir='ltr' id='par_1_6' title="bbox 301 2380 2348 2570">
     <span class='ocr_line' id='line_1_18' title="bbox 301 2380 2341 2471; baseline 0 -26"><span class='ocrx_word' id='word_1_137' title='bbox 301 2402 533 2471; x_wconf 86' lang='lat' dir='ltr'><strong>purum</strong></span> <span class='ocrx_word' id='word_1_138' title='bbox 555 2402 622 2445; x_wconf 86' lang='lat' dir='ltr'><strong>se</strong></span> <span class='ocrx_word' id='word_1_139' title='bbox 655 2402 728 2445; x_wconf 89' lang='lat' dir='ltr'><strong>ac</strong></span> <span class='ocrx_word' id='word_1_140' title='bbox 753 2381 1105 2469; x_wconf 77' lang='lat' dir='ltr'><strong>perfectum</strong></span> <span class='ocrx_word' id='word_1_141' title='bbox 1128 2406 1283 2448; x_wconf 86' lang='lat' dir='ltr'><strong>esse.</strong></span> <span class='ocrx_word' id='word_1_142' title='bbox 1314 2384 1508 2469; x_wconf 82' lang='lat' dir='ltr'><strong>Atqui</strong></span> <span class='ocrx_word' id='word_1_143' title='bbox 1533 2405 1740 2468; x_wconf 88' lang='lat' dir='ltr'><strong>neque</strong></span> <span class='ocrx_word' id='word_1_144' title='bbox 1771 2385 2061 2468; x_wconf 87' lang='lat' dir='ltr'><strong>plantans</strong></span> <span class='ocrx_word' id='word_1_145' title='bbox 2092 2380 2341 2446; x_wconf 83' lang='lat' dir='ltr'><strong>vineam</strong></span> 
     </span>
     <span class='ocr_line' id='line_1_19' title="bbox 303 2483 2348 2570; baseline -0.002 -20"><span class='ocrx_word' id='word_1_146' title='bbox 303 2485 514 2550; x_wconf 86' lang='lat' dir='ltr'><strong>statim</strong></span> <span class='ocrx_word' id='word_1_147' title='bbox 546 2507 624 2548; x_wconf 89' lang='lat' dir='ltr'><strong>ex</strong></span> <span class='ocrx_word' id='word_1_148' title='bbox 645 2507 719 2548; x_wconf 90' lang='lat' dir='ltr'><strong>ea</strong></span> <span class='ocrx_word' id='word_1_149' title='bbox 754 2508 948 2549; x_wconf 86' lang='lat' dir='ltr'><strong>uvam</strong></span> <span class='ocrx_word' id='word_1_150' title='bbox 975 2497 1292 2550; x_wconf 83' lang='lat' dir='ltr'><strong>maturam</strong></span> <span class='ocrx_word' id='word_1_151' title='bbox 1319 2498 1426 2551; x_wconf 89' lang='lat' dir='ltr'><strong>aut</strong></span> <span class='ocrx_word' id='word_1_152' title='bbox 1454 2486 1674 2549; x_wconf 83' lang='lat' dir='ltr'><strong>vinum</strong></span> <span class='ocrx_word' id='word_1_153' title='bbox 1708 2484 1892 2570; x_wconf 76' lang='lat' dir='ltr'><strong>legit:</strong></span> <span class='ocrx_word' id='word_1_154' title='bbox 1919 2505 2124 2569; x_wconf 89' lang='lat' dir='ltr'><strong>neque</strong></span> <span class='ocrx_word' id='word_1_155' title='bbox 2159 2483 2348 2546; x_wconf 89' lang='lat' dir='ltr'><strong>semi-</strong></span> 
     </span>
    </p>
   </div>
   <div class='ocr_carea' id='block_1_4' title="bbox 304 2587 2357 3938">
    <p class='ocr_par' dir='ltr' id='par_1_7' title="bbox 304 2587 2350 3308">
     <span class='ocr_line' id='line_1_20' title="bbox 304 2587 2350 2679; baseline -0.001 -24"><span class='ocrx_word' id='word_1_156' title='bbox 304 2612 460 2655; x_wconf 88' lang='lat' dir='ltr'><strong>nans</strong></span> <span class='ocrx_word' id='word_1_157' title='bbox 506 2587 787 2654; x_wconf 89' lang='lat' dir='ltr'><strong>triticum</strong></span> <span class='ocrx_word' id='word_1_158' title='bbox 823 2590 885 2653; x_wconf 91' lang='lat' dir='ltr'><strong>in</strong></span> <span class='ocrx_word' id='word_1_159' title='bbox 918 2602 1118 2664; x_wconf 85' lang='lat' dir='ltr'><strong>terra,</strong></span> <span class='ocrx_word' id='word_1_160' title='bbox 1157 2593 1383 2655; x_wconf 88' lang='lat' dir='ltr'><strong>eodem</strong></span> <span class='ocrx_word' id='word_1_161' title='bbox 1437 2603 1723 2679; x_wconf 89' lang='lat' dir='ltr'><strong>tempore</strong></span> <span class='ocrx_word' id='word_1_162' title='bbox 1755 2600 1996 2677; x_wconf 81' lang='lat' dir='ltr'><strong>segetes</strong></span> <span class='ocrx_word' id='word_1_163' title='bbox 2028 2587 2246 2662; x_wconf 89' lang='lat' dir='ltr'><strong>metit,</strong></span> <span class='ocrx_word' id='word_1_164' title='bbox 2285 2600 2350 2653; x_wconf 90' lang='lat' dir='ltr'><strong>et</strong></span> 
     </span>
     <span class='ocr_line' id='line_1_21' title="bbox 305 2679 2348 2784; baseline -0.001 -24"><span class='ocrx_word' id='word_1_165' title='bbox 305 2679 368 2760; x_wconf 88' lang='lat' dir='ltr'><strong>et</strong></span> <span class='ocrx_word' id='word_1_166' title='bbox 393 2694 638 2759; x_wconf 82' lang='lat' dir='ltr'><strong>fructus</strong></span> <span class='ocrx_word' id='word_1_167' title='bbox 673 2695 843 2783; x_wconf 90' lang='lat' dir='ltr'><strong>capit</strong></span> <span class='ocrx_word' id='word_1_168' title='bbox 855 2721 875 2770; x_wconf 82' lang='lat'><em>3</em></span> <span class='ocrx_word' id='word_1_169' title='bbox 919 2718 1125 2783; x_wconf 91' lang='lat' dir='ltr'><strong>neque</strong></span> <span class='ocrx_word' id='word_1_170' title='bbox 1157 2699 1349 2762; x_wconf 89' lang='lat' dir='ltr'><strong>modo</strong></span> <span class='ocrx_word' id='word_1_171' title='bbox 1381 2707 1568 2760; x_wconf 83' lang='lat' dir='ltr'><strong>natus</strong></span> <span class='ocrx_word' id='word_1_172' title='bbox 1602 2718 1762 2784; x_wconf 91' lang='lat' dir='ltr'><strong>puer</strong></span> <span class='ocrx_word' id='word_1_173' title='bbox 1792 2693 2003 2759; x_wconf 87' lang='lat' dir='ltr'><strong>subito</strong></span> <span class='ocrx_word' id='word_1_174' title='bbox 2039 2704 2243 2782; x_wconf 86' lang='lat' dir='ltr'><strong>potest</strong></span> <span class='ocrx_word' id='word_1_175' title='bbox 2281 2693 2348 2758; x_wconf 88' lang='lat' dir='ltr'><strong>in</strong></span> 
     </span>
     <span class='ocr_line' id='line_1_22' title="bbox 306 2800 2349 2892; baseline -0.001 -26"><span class='ocrx_word' id='word_1_176' title='bbox 306 2804 512 2867; x_wconf 86' lang='lat' dir='ltr'><strong>virum</strong></span> <span class='ocrx_word' id='word_1_177' title='bbox 556 2804 961 2868; x_wconf 86' lang='lat' dir='ltr'><strong>adolescere:</strong></span> <span class='ocrx_word' id='word_1_178' title='bbox 991 2828 1109 2870; x_wconf 90' lang='lat' dir='ltr'><strong>nec</strong></span> <span class='ocrx_word' id='word_1_179' title='bbox 1161 2805 1399 2870; x_wconf 82' lang='lat' dir='ltr'><strong>militiae</strong></span> <span class='ocrx_word' id='word_1_180' title='bbox 1438 2803 1642 2892; x_wconf 88' lang='lat' dir='ltr'><strong>prima</strong></span> <span class='ocrx_word' id='word_1_181' title='bbox 1691 2800 2052 2867; x_wconf 86' lang='lat' dir='ltr'><strong>rudimenta</strong></span> <span class='ocrx_word' id='word_1_182' title='bbox 2107 2822 2349 2889; x_wconf 89' lang='lat' dir='ltr'><strong>ponens</strong></span> 
     </span>
     <span class='ocr_line' id='line_1_23' title="bbox 306 2905 2348 2997; baseline -0.001 -25"><span class='ocrx_word' id='word_1_183' title='bbox 306 2907 452 2982; x_wconf 88' lang='lat' dir='ltr'><strong>tiro,</strong></span> <span class='ocrx_word' id='word_1_184' title='bbox 478 2907 609 2994; x_wconf 85' lang='lat' dir='ltr'><strong>jam</strong></span> <span class='ocrx_word' id='word_1_185' title='bbox 641 2908 1033 2996; x_wconf 82' lang='lat' dir='ltr'><strong>praesccturis</strong></span> <span class='ocrx_word' id='word_1_186' title='bbox 1064 2910 1441 2975; x_wconf 81' lang='lat' dir='ltr'><strong>militaribus</strong></span> <span class='ocrx_word' id='word_1_187' title='bbox 1465 2922 1648 2997; x_wconf 88' lang='lat' dir='ltr'><strong>aptus</strong></span> <span class='ocrx_word' id='word_1_188' title='bbox 1675 2905 1967 2995; x_wconf 84' lang='lat' dir='ltr'><strong>gerendis</strong></span> <span class='ocrx_word' id='word_1_189' title='bbox 1990 2916 2086 2969; x_wconf 88' lang='lat' dir='ltr'><strong>est</strong></span> <span class='ocrx_word' id='word_1_190' title='bbox 2114 2928 2130 2968; x_wconf 75' lang='grc' dir='ltr'><strong><em>ε</em></strong></span> <span class='ocrx_word' id='word_1_191' title='bbox 2166 2926 2348 2991; x_wconf 90' lang='lat' dir='ltr'><strong>opor-</strong></span> 
     </span>
     <span class='ocr_line' id='line_1_24' title="bbox 310 3007 2344 3103; baseline -0.002 -27"><span class='ocrx_word' id='word_1_192' title='bbox 310 3024 397 3077; x_wconf 87' lang='lat' dir='ltr'><strong>tet</strong></span> <span class='ocrx_word' id='word_1_193' title='bbox 433 3012 603 3077; x_wconf 90' lang='lat' dir='ltr'><strong>enim</strong></span> <span class='ocrx_word' id='word_1_194' title='bbox 637 3013 807 3078; x_wconf 89' lang='lat' dir='ltr'><strong>hunc</strong></span> <span class='ocrx_word' id='word_1_195' title='bbox 840 3015 1118 3103; x_wconf 86' lang='lat' dir='ltr'><strong>primum</strong></span> <span class='ocrx_word' id='word_1_196' title='bbox 1149 3018 1335 3103; x_wconf 84' lang='lat' dir='ltr'><strong>longa</strong></span> <span class='ocrx_word' id='word_1_197' title='bbox 1377 3013 1680 3102; x_wconf 85' lang='lat' dir='ltr'><strong>patientia</strong></span> <span class='ocrx_word' id='word_1_198' title='bbox 1711 3013 2074 3077; x_wconf 85' lang='lat' dir='ltr'><strong>insuescere</strong></span> <span class='ocrx_word' id='word_1_199' title='bbox 2102 3007 2305 3074; x_wconf 79' lang='lat' dir='ltr'><strong>labori</strong></span> <span class='ocrx_word' id='word_1_200' title='bbox 2325 3033 2344 3084; x_wconf 70' lang='grc' dir='ltr'>ς</span> 
     </span>
     <span class='ocr_line' id='line_1_25' title="bbox 307 3115 2350 3207; baseline -0.002 -25"><span class='ocrx_word' id='word_1_201' title='bbox 307 3130 444 3182; x_wconf 88' lang='lat' dir='ltr'><strong>tum</strong></span> <span class='ocrx_word' id='word_1_202' title='bbox 480 3117 642 3183; x_wconf 85' lang='lat' dir='ltr'><strong>sacta</strong></span> <span class='ocrx_word' id='word_1_203' title='bbox 689 3141 916 3207; x_wconf 84' lang='lat' dir='ltr'><strong>pugnae</strong></span> <span class='ocrx_word' id='word_1_204' title='bbox 950 3120 1132 3207; x_wconf 86' lang='lat' dir='ltr'><strong>copia</strong></span> <span class='ocrx_word' id='word_1_205' title='bbox 1175 3119 1426 3186; x_wconf 81' lang='lat' dir='ltr'><strong>fortiter</strong></span> <span class='ocrx_word' id='word_1_206' title='bbox 1464 3120 1529 3184; x_wconf 91' lang='lat' dir='ltr'><strong>in</strong></span> <span class='ocrx_word' id='word_1_207' title='bbox 1564 3141 1789 3207; x_wconf 86' lang='lat' dir='ltr'><strong>campo</strong></span> <span class='ocrx_word' id='word_1_208' title='bbox 1822 3131 2015 3191; x_wconf 81' lang='lat' dir='ltr'><strong>stare,</strong></span> <span class='ocrx_word' id='word_1_209' title='bbox 2057 3115 2350 3181; x_wconf 78' lang='lat' dir='ltr'><strong>vincere-</strong></span> 
     </span>
     <span class='ocr_line' id='line_1_26' title="bbox 307 3221 1164 3308; baseline 0.005 -22"><span class='ocrx_word' id='word_1_210' title='bbox 307 3244 431 3308; x_wconf 88' lang='lat' dir='ltr'><strong>que</strong></span> <span class='ocrx_word' id='word_1_211' title='bbox 462 3221 707 3287; x_wconf 87' lang='lat' dir='ltr'><strong>hostem</strong></span> <span class='ocrx_word' id='word_1_212' title='bbox 744 3245 816 3287; x_wconf 83' lang='lat' dir='ltr'><strong>ac</strong></span> <span class='ocrx_word' id='word_1_213' title='bbox 855 3226 1164 3291; x_wconf 87' lang='lat' dir='ltr'><strong>coronari.</strong></span> 
     </span>
    </p>

    <p class='ocr_par' dir='ltr' id='par_1_8' title="bbox 310 3322 2357 3938">
     <span class='ocr_line' id='line_1_27' title="bbox 394 3322 2348 3419; baseline -0.005 -25"><span class='ocrx_word' id='word_1_214' title='bbox 394 3328 539 3394; x_wconf 88' lang='lat' dir='ltr'><strong>XII.</strong></span> <span class='ocrx_word' id='word_1_215' title='bbox 594 3329 882 3395; x_wconf 62' lang='lat' dir='ltr'><strong>Pulchrae</strong></span> <span class='ocrx_word' id='word_1_216' title='bbox 908 3331 1099 3419; x_wconf 84' lang='lat' dir='ltr'><strong>igitur</strong></span> <span class='ocrx_word' id='word_1_217' title='bbox 1120 3345 1184 3396; x_wconf 87' lang='lat' dir='ltr'><strong>et</strong></span> <span class='ocrx_word' id='word_1_218' title='bbox 1208 3333 1392 3396; x_wconf 83' lang='lat' dir='ltr'><strong>honae</strong></span> <span class='ocrx_word' id='word_1_219' title='bbox 1417 3353 1516 3396; x_wconf 87' lang='lat' dir='ltr'><strong>res</strong></span> <span class='ocrx_word' id='word_1_220' title='bbox 1538 3341 1708 3403; x_wconf 90' lang='lat' dir='ltr'><strong>sunt,</strong></span> <span class='ocrx_word' id='word_1_221' title='bbox 1738 3327 1947 3415; x_wconf 87' lang='lat' dir='ltr'><strong>inopia</strong></span> <span class='ocrx_word' id='word_1_222' title='bbox 1972 3322 2348 3405; x_wconf 85' lang='lat' dir='ltr'><strong>voluntaria,</strong></span> 
     </span>
     <span class='ocr_line' id='line_1_28' title="bbox 310 3426 2354 3522; baseline -0.005 -24"><span class='ocrx_word' id='word_1_223' title='bbox 310 3435 683 3522; x_wconf 84' lang='lat' dir='ltr'><strong>psalmodia,</strong></span> <span class='ocrx_word' id='word_1_224' title='bbox 723 3434 1063 3521; x_wconf 86' lang='lat' dir='ltr'><strong>jejunium,</strong></span> <span class='ocrx_word' id='word_1_225' title='bbox 1096 3436 1359 3519; x_wconf 83' lang='lat' dir='ltr'><strong>vigiliae,</strong></span> <span class='ocrx_word' id='word_1_226' title='bbox 1397 3447 1459 3498; x_wconf 90' lang='lat' dir='ltr'><strong>et</strong></span> <span class='ocrx_word' id='word_1_227' title='bbox 1493 3434 1691 3520; x_wconf 81' lang='lat' dir='ltr'><strong>gratia</strong></span> <span class='ocrx_word' id='word_1_228' title='bbox 1723 3430 1931 3521; x_wconf 89' lang='lat' dir='ltr'><strong>potiri.</strong></span> <span class='ocrx_word' id='word_1_229' title='bbox 1972 3426 2097 3492; x_wconf 88' lang='lat' dir='ltr'><strong>Sed</strong></span> <span class='ocrx_word' id='word_1_230' title='bbox 2128 3446 2354 3513; x_wconf 87' lang='lat' dir='ltr'><strong>parum</strong></span> 
     </span>
     <span class='ocr_line' id='line_1_29' title="bbox 313 3529 2353 3650; baseline -0.004 -49"><span class='ocrx_word' id='word_1_231' title='bbox 313 3551 581 3626; x_wconf 87' lang='lat' dir='ltr'><strong>prosunt</strong></span> <span class='ocrx_word' id='word_1_232' title='bbox 610 3539 695 3614; x_wconf 87' lang='lat' dir='ltr'><strong>ei,</strong></span> <span class='ocrx_word' id='word_1_233' title='bbox 728 3539 836 3624; x_wconf 87' lang='lat' dir='ltr'><strong>qui</strong></span> <span class='ocrx_word' id='word_1_234' title='bbox 868 3539 1178 3608; x_wconf 87' lang='lat' dir='ltr'><strong>nondum,</strong></span> <span class='ocrx_word' id='word_1_235' title='bbox 1216 3548 1283 3597; x_wconf 90' lang='lat' dir='ltr'><strong>ut</strong></span> <span class='ocrx_word' id='word_1_236' title='bbox 1316 3548 1711 3650; x_wconf 80' lang='lat' dir='ltr'><strong>oportuerat,</strong></span> <span class='ocrx_word' id='word_1_237' title='bbox 1740 3533 1933 3622; x_wconf 88' lang='lat' dir='ltr'><strong>coepit</strong></span> <span class='ocrx_word' id='word_1_238' title='bbox 1963 3529 2203 3604; x_wconf 79' lang='lat' dir='ltr'><strong>fodere,</strong></span> <span class='ocrx_word' id='word_1_239' title='bbox 2239 3529 2353 3594; x_wconf 85' lang='lat' dir='ltr'><strong>ubi</strong></span> 
     </span>
     <span class='ocr_line' id='line_1_30' title="bbox 316 3633 2352 3730; baseline -0.004 -27"><span class='ocrx_word' id='word_1_240' title='bbox 316 3640 799 3704; x_wconf 82' lang='lat' dir='ltr'><strong>fundamentum</strong></span> <span class='ocrx_word' id='word_1_241' title='bbox 844 3651 1056 3730; x_wconf 87' lang='lat' dir='ltr'><strong>ponat.</strong></span> <span class='ocrx_word' id='word_1_242' title='bbox 1100 3637 1231 3703; x_wconf 85' lang='lat' dir='ltr'><strong>Nec</strong></span> <span class='ocrx_word' id='word_1_243' title='bbox 1270 3659 1338 3702; x_wconf 91' lang='lat' dir='ltr'><strong>se</strong></span> <span class='ocrx_word' id='word_1_244' title='bbox 1383 3638 1589 3725; x_wconf 91' lang='lat' dir='ltr'><strong>decipi</strong></span> <span class='ocrx_word' id='word_1_245' title='bbox 1618 3659 1800 3700; x_wconf 87' lang='lat' dir='ltr'><strong>mens</strong></span> <span class='ocrx_word' id='word_1_246' title='bbox 1831 3639 1896 3700; x_wconf 89' lang='lat' dir='ltr'><strong>in</strong></span> <span class='ocrx_word' id='word_1_247' title='bbox 1936 3657 2013 3699; x_wconf 89' lang='lat' dir='ltr'><strong>eo</strong></span> <span class='ocrx_word' id='word_1_248' title='bbox 2051 3633 2352 3723; x_wconf 82' lang='lat' dir='ltr'><strong>patiatur,</strong></span> 
     </span>
     <span class='ocr_line' id='line_1_31' title="bbox 317 3736 2357 3831; baseline -0.004 -23"><span class='ocrx_word' id='word_1_249' title='bbox 317 3756 670 3829; x_wconf 88' lang='lat' dir='ltr'><strong>utcumque</strong></span> <span class='ocrx_word' id='word_1_250' title='bbox 699 3744 909 3830; x_wconf 83' lang='lat' dir='ltr'><strong>gratiae</strong></span> <span class='ocrx_word' id='word_1_251' title='bbox 934 3742 1284 3831; x_wconf 75' lang='lat' dir='ltr'><strong>particeps3</strong></span> <span class='ocrx_word' id='word_1_252' title='bbox 1322 3753 1439 3806; x_wconf 86' lang='lat' dir='ltr'><strong>aut</strong></span> <span class='ocrx_word' id='word_1_253' title='bbox 1454 3741 1603 3806; x_wconf 87' lang='lat' dir='ltr'><strong>inde</strong></span> <span class='ocrx_word' id='word_1_254' title='bbox 1634 3740 1752 3804; x_wconf 90' lang='lat' dir='ltr'><strong>sibi</strong></span> <span class='ocrx_word' id='word_1_255' title='bbox 1771 3740 2088 3811; x_wconf 89' lang='lat' dir='ltr'><strong>aduletur,</strong></span> <span class='ocrx_word' id='word_1_256' title='bbox 2117 3736 2357 3825; x_wconf 90' lang='lat' dir='ltr'><strong>pretio-</strong></span> 
     </span>
     <span class='ocr_line' id='line_1_32' title="bbox 319 3842 2357 3938; baseline -0.003 -23"><span class='ocrx_word' id='word_1_257' title='bbox 319 3871 452 3915; x_wconf 87' lang='lat' dir='ltr'><strong>sam</strong></span> <span class='ocrx_word' id='word_1_258' title='bbox 498 3848 815 3914; x_wconf 81' lang='lat' dir='ltr'><strong>aestimans</strong></span> <span class='ocrx_word' id='word_1_259' title='bbox 849 3871 1028 3913; x_wconf 87' lang='lat' dir='ltr'><strong>suam</strong></span> <span class='ocrx_word' id='word_1_260' title='bbox 1072 3847 1365 3913; x_wconf 86' lang='lat' dir='ltr'><strong>animam.</strong></span> <span class='ocrx_word' id='word_1_261' title='bbox 1402 3848 1671 3938; x_wconf 88' lang='lat' dir='ltr'><strong>Respice</strong></span> <span class='ocrx_word' id='word_1_262' title='bbox 1704 3843 1770 3910; x_wconf 91' lang='lat' dir='ltr'><strong>in</strong></span> <span class='ocrx_word' id='word_1_263' title='bbox 1814 3844 2065 3923; x_wconf 57' lang='lat' dir='ltr'><strong>Jesum2</strong></span> <span class='ocrx_word' id='word_1_264' title='bbox 2115 3866 2149 3907; x_wconf 87' lang='lat' dir='ltr'><strong>a</strong></span> <span class='ocrx_word' id='word_1_265' title='bbox 2187 3842 2357 3930; x_wconf 88' lang='lat' dir='ltr'><strong>quali</strong></span> 
     </span>
    </p>
   </div>
   <div class='ocr_carea' id='block_1_5' title="bbox 319 3950 2472 4045">
    <p class='ocr_par' dir='ltr' id='par_1_9' title="bbox 319 3950 2472 4045">
     <span class='ocr_line' id='line_1_33' title="bbox 319 3950 2472 4045; baseline -0.003 -24"><span class='ocrx_word' id='word_1_266' title='bbox 319 3956 518 4045; x_wconf 82' lang='lat' dir='ltr'><strong>gloria</strong></span> <span class='ocrx_word' id='word_1_267' title='bbox 567 3955 685 4021; x_wconf 90' lang='lat' dir='ltr'><strong>Dei</strong></span> <span class='ocrx_word' id='word_1_268' title='bbox 708 3954 935 4032; x_wconf 86' lang='lat' dir='ltr'><strong>Filius,</strong></span> <span class='ocrx_word' id='word_1_269' title='bbox 983 3956 1154 4021; x_wconf 87' lang='lat' dir='ltr'><strong>Deus</strong></span> <span class='ocrx_word' id='word_1_270' title='bbox 1187 3954 1343 4045; x_wconf 89' lang='lat' dir='ltr'><strong>ipse,</strong></span> <span class='ocrx_word' id='word_1_271' title='bbox 1398 3955 1464 4019; x_wconf 91' lang='lat' dir='ltr'><strong>iu</strong></span> <span class='ocrx_word' id='word_1_272' title='bbox 1506 3977 1659 4042; x_wconf 86' lang='lat' dir='ltr'><strong>quas</strong></span> <span class='ocrx_word' id='word_1_273' title='bbox 1700 3951 2016 4043; x_wconf 77' lang='lat' dir='ltr'><strong>passiones</strong></span> <span class='ocrx_word' id='word_1_274' title='bbox 2047 3970 2248 4037; x_wconf 87' lang='lat' dir='ltr'><strong>usque</strong></span> <span class='ocrx_word' id='word_1_275' title='bbox 2283 3950 2363 4014; x_wconf 88' lang='lat' dir='ltr'><strong>ad</strong></span> <span class='ocrx_word' id='word_1_276' title='bbox 2461 3978 2472 3981; x_wconf 21' lang='lat' dir='ltr'><strong>s</strong></span> 
     </span>
    </p>
   </div>
   <div class='ocr_carea' id='block_1_6' title="bbox 321 4053 2361 4157">
    <p class='ocr_par' dir='ltr' id='par_1_10' title="bbox 321 4053 2361 4157">
     <span class='ocr_line' id='line_1_34' title="bbox 321 4053 2361 4157; baseline -0.004 -28"><span class='ocrx_word' id='word_1_277' title='bbox 321 4059 800 4129; x_wconf 80' lang='lat' dir='ltr'><strong>crucifixionem</strong></span> <span class='ocrx_word' id='word_1_278' title='bbox 822 4060 1039 4132; x_wconf 76' lang='lat' dir='ltr'><strong>venit?</strong></span> <span class='ocrx_word' id='word_1_279' title='bbox 1068 4060 1335 4157; x_wconf 80' lang='lat' dir='ltr'><strong>Propter</strong></span> <span class='ocrx_word' id='word_1_280' title='bbox 1361 4058 1526 4128; x_wconf 84' lang='lat' dir='ltr'><strong>hanc</strong></span> <span class='ocrx_word' id='word_1_281' title='bbox 1556 4080 1707 4149; x_wconf 80' lang='lat' dir='ltr'><strong>ergo</strong></span> <span class='ocrx_word' id='word_1_282' title='bbox 1746 4055 2165 4129; x_wconf 75' lang='lat' dir='ltr'><strong>humilitatem</strong></span> <span class='ocrx_word' id='word_1_283' title='bbox 2187 4053 2361 4122; x_wconf 75' lang='lat' dir='ltr'><strong>exal-</strong></span> 
     </span>
    </p>
   </div>
  </div>
 </body>
</html>
