2982 4885
1042 545 1228 591 mssa
1271 544 1354 589 ns
1400 542 1768 605 nausisus.
1971 564 1979 571 ·
2299 528 2430 618 549

391 656 635 750 primus
657 657 849 747 Gigas
870 670 967 724 est
990 662 1363 748 appellatus,
1396 663 1570 747 quod
1588 652 1720 725 'iste
1748 659 1941 748 coepit
1972 683 2109 728 esse
2138 676 2427 741 venator,

393 775 458 829 et
487 762 665 827 sortis
704 762 934 838 hom03
969 776 1041 827 ut
1072 776 1138 828 et
1170 764 1358 852 Gigas
1402 767 1828 853 appellaretur
1868 765 1933 830 in
1971 778 2181 833 terra:
2227 771 2434 838 «Inde

390 866 669 933 ,dicturi
715 880 896 942 sunt,
951 867 1191 954 inquit,
1240 868 1403 934 sicut
1451 869 1804 936 Neinbroth
1852 870 2073 958 Gigas,
2122 873 2207 938 ita
2251 872 2433 939 sortis

392 969 602 1045 »ost¹,
633 998 657 1028 ο
689 971 740 1034 si
788 971 893 1056 qui
941 972 997 1035 ei
1044 972 1262 1039 similis
1308 974 1371 1037 in
1406 973 1776 1038 fortitudine
1819 987 2032 1061 postea
2084 977 2424 1043 videretur.

392 1073 694 1145 Homines
748 1075 956 1159 itaque
1001 1076 1255 1142 suerunt
1301 1080 1494 1142 sortes
1542 1090 1607 1141 et
1653 1101 1686 1142 a
1749 1079 2079 1165 juventute
2135 1105 2428 1172 rapaceS,

391 1190 771 1253 vastatores,
805 1180 1190 1268 jaculenteS,
1237 1183 1654 1259 cursitantes,
1686 1187 2056 1272 proedationi
2095 1202 2428 1263 vacantes,

391 1282 540 1349 inde
586 1285 780 1349 veluti
825 1285 1012 1351 alieni
1058 1309 1186 1352 non
1228 1289 1434 1352 solum
1474 1311 1762 1364 morum,
1803 1293 2216 1359 verumetiam
2264 1296 2433 1359 visus

389 1387 724 1454 hominum
765 1413 781 1453 z
833 1413 1127 1477 enormes
1172 1392 1396 1475 etiam,
1439 1405 1513 1457 ut
1556 1405 1776 1460 contra
1823 1407 2117 1461 naturam
2163 1398 2432 1463 aliorum

392 1491 727 1561 hominum
790 1506 965 1560 tanta
1023 1498 1261 1562 scelera
1316 1510 1756 1585 perpetrantes
1806 1515 2330 1589 nuncuparentur
2375 1517 2439 1568 et

393 1596 713 1684 Gigantes.
762 1598 951 1687 Gigas
990 1600 1161 1666 enim
1193 1624 1311 1689 per
1345 1604 1828 1692 etymologiam,
1865 1617 2048 1670 terrae
2081 1618 2435 1671 monstrum

393 1703 657 1779 dicitur,
699 1728 778 1769 ex
810 1706 1063 1782 duobus
1101 1708 1467 1774 nominibus
1509 1711 1974 1799 compositum,
2027 1708 2154 1775 sive
2198 1709 2433 1785 forma,

394 1808 523 1873 sive
555 1809 718 1884 vita,
760 1810 890 1875 sive
923 1812 1095 1887 visu,
1135 1814 1264 1878 sive
1303 1813 1704 1889 fortitudine,
1746 1815 1876 1880 sive
1912 1815 2083 1879 mole
2121 1815 2438 1879 membro-

392 1935 554 1978 rum.
620 1913 788 1987 Nam
809 1915 1074 2013 Qaeias
1098 1916 1399 2004 Gigantes
1431 1940 1562 1982 non
1602 1918 1718 1984 alia
1757 1931 2022 1991 natura,
2058 1917 2168 1981 sed
2198 1916 2277 1981 de
2316 1918 2438 1982 ho-

390 2018 637 2084 minum
656 1968 1219 2115 finuffigenieo
1208 2023 1453 2098 aeditos,
1481 2035 1548 2088 et
1568 2022 1993 2097 ὅξαδακτύλους
1974 2045 2039 2087 in
2061 2023 2434 2111 Regnorum

391 2122 569 2189 libris
583 2123 818 2189 habes²
829 2173 848 2199 ,
868 2148 1028 2211 quos
1043 2127 1244 2191 forma
1263 2127 1486 2213 grandi
1505 2138 1571 2192 et
1587 2129 1754 2191 mole
1775 2129 2216 2192 membrorum
2241 2127 2435 2193 diffu-

394 2249 529 2300 sos,
555 2238 621 2291 et
643 2228 878 2311 ingenti
903 2229 1270 2292 fortitudine
1292 2276 1310 2301 ,
1337 2232 1417 2293 de
1447 2251 1680 2313 genere
1702 2228 2046 2315 Gigantum
2067 2231 2434 2317 Regnorum

394 2329 541 2396 libri
574 2329 1033 2394 annuntiarunt
1054 2377 1072 2403 ,
1107 2340 1252 2417 post
1288 2330 1416 2392 duo
1447 2330 1645 2392 millia
1674 2342 1741 2393 et
1767 2342 2087 2396 trecentos
2119 2354 2316 2397 annos
2336 2335 2437 2399 di-

389 2433 540 2502 luvii
559 2459 578 2510 ς
612 2433 777 2499 sicut
805 2446 873 2499 et
894 2434 1074 2500 illum
1106 2432 1363 2499 Goliath
1385 2481 1404 2508 ,
1442 2454 1634 2520 quem
1667 2432 1905 2519 dejecit
1928 2434 1991 2498 iu
2023 2458 2236 2524 pugna
2267 2442 2434 2506 solus

393 2537 596 2607 David
640 2537 1043 2606 beatissimus
1088 2561 1199 2604 rex
1234 2549 1301 2604 et
1341 2537 1686 2627 propheta,
1729 2536 1915 2623 cujus
1947 2550 2010 2603 et
2045 2538 2311 2605 aliorum
2351 2555 2438 2607 ta-

392 2644 551 2713 lium
568 2668 594 2702 «t
623 2642 815 2709 Carra
833 2692 851 2725 ,
877 2645 1080 2732 inquit
1099 2694 1117 2720 ,
1143 2645 1629 2712 instructionem
1654 2645 1950 2734 portabat
1982 2644 2369 2712 armorum⁸.
2394 2674 2420 2705 ι

396 2747 563 2829 Quia
592 2770 744 2837 ergo
777 2749 1022 2815 bestiali
1057 2771 1235 2815 more
1258 2772 1291 2815 a
1323 2749 1593 2839 pueritia
1624 2752 1700 2815 ad
1726 2749 2010 2837 rapinam
2036 2762 2220 2816 erant
2242 2750 2438 2816 dediti

375 2855 767 2942 hujusmodi
797 2856 1117 2931 homines,
1149 2868 1215 2921 et
1234 2856 1431 2922 veluti
1465 2879 1503 2920 a
1534 2868 1758 2920 natura
1790 2856 2122 2922 hominum
2159 2879 2439 2923 morum-

397 2982 525 3049 que
553 2960 789 3026 alienos
821 2959 1146 3049 Scriptura
1170 2959 1504 3024 nuntiavit.
1547 2959 1707 3025 Nam
1733 2961 1906 3046 quod
1934 2961 2021 3026 illi
2047 2963 2270 3051 Angeli
2289 3012 2306 3038 ,
2332 2963 2442 3050 qui

402 3069 481 3133 de
516 3068 678 3131 coelo
717 3065 946 3152 dejecti
990 3076 1174 3139 sunt,
1221 3087 1350 3129 non
1397 3065 1523 3129 sint
1553 3063 1846 3130 humanm
1884 3079 2124 3131 naturae
2163 3066 2397 3132 similes
2423 3116 2441 3142 ,

400 3193 530 3237 non
573 3184 668 3237 est
711 3171 1010 3246 dubium,
1060 3169 1179 3237 nisi
1217 3171 1460 3245 solum,
1497 3170 1644 3258 quia
1668 3170 1940 3236 nefanda
1970 3184 2040 3236 et
2082 3171 2439 3247 contraria,

402 3288 751 3361 contraque
788 3278 991 3363 legem
1024 3298 1394 3364 suggerere,
1436 3275 1623 3340 sicuti
1660 3286 1727 3338 ot
1761 3295 1936 3337 nunc
1965 3272 2328 3337 hominibus
2351 3272 2447 3337 sa-

404 3378 616 3455 eiunt,
645 3383 1068 3468 praevalebant
1102 3381 1411 3447 intrantes
1448 3381 1515 3446 in
1542 3378 1868 3453 homines,
1902 3377 1970 3443 id
2000 3390 2134 3453 est,
2169 3379 2446 3444 suaden-

406 3499 526 3562 tes,
547 3484 713 3552 sicut
726 3486 765 3551 J
773 3487 965 3551 udaeis
988 3487 1567 3552 inimicus‘humani
1589 3485 1837 3572 generis
1853 3484 2188 3572 persuasit,
2223 3498 2442 3551 contra

403 3591 649 3666 Deum,
697 3591 1045 3678 contraque
1091 3604 1346 3657 sanctos
1386 3590 1737 3677 Prophetas
1775 3590 1921 3670 talia
1957 3592 2193 3655 scelera
2224 3613 2445 3680 perpe-

407 3709 618 3771 trare,
657 3695 825 3760 sicut
863 3697 1170 3784 scriptum
1209 3709 1349 3762 est:
1388 3694 1731 3782 «Intravit,
1777 3694 2029 3780 inquit,·
2066 3695 2331 3761 Satanas
2380 3696 2445 3762 in

408 3800 742 3866 »Judam⁴.
774 3829 799 3863 ι
830 3802 920 3882 lta
961 3802 1154 3891 igitur
1181 3815 1246 3869 et
1283 3812 1429 3867 ante
1463 3799 1787 3867 >intrantes
1830 3800 2145 3866 immundi
2188 3802 2446 3891 spiritus

411 3906 477 3972 in
510 3904 747 3971 animas
780 3906 1147 3985 hominum,
1184 3929 1256 3972 ac
1300 3905 1708 3984 foeminarum
1729 3952 1751 3979 ,
1802 3902 1984 3970 malae
2026 3906 2451 3994 persuasionis

478 4053 498 4080 ⁸
523 4039 654 4095 Gen.
676 4057 800 4108 μς.
827 4069 889 4080 -
910 4054 930 4080 ·
961 4058 989 4094 a
1015 4041 1136 4112 R‘G·
1157 4057 1259 4103 ui,
1280 4028 1358 4095 s‘o.
1383 4067 1445 4083 --
1464 4045 1490 4081 ⁸
1520 4058 1539 4092 ι
1566 4042 1845 4106 Bes-20¹,
1868 4056 1919 4104 7.
1940 4041 2347 4101 .-⁴Joan.1iit,
2369 4057 2449 4107 ²7·
