2982 4885
1104 478 1358 526 nouum
1404 481 1566 528 κων.
2228 467 2352 554 273
2409 481 2416 486 ·

220 627 223 630 “
326 596 503 663 mino
536 607 1005 682 consequentur
1035 597 1297 682 gratiam
1328 621 1343 661 t
1373 622 1603 686 nempe
1634 600 1704 663 hi
1740 620 1885 664 cum
1919 600 2072 678 illis,
2113 602 2222 689 qui
2245 626 2362 693 per

332 701 663 791 honestam
687 701 1062 786 quieverunt
1085 703 1626 766 conversationem
1647 752 1664 777 ,
1693 706 1772 767 ad
1793 705 2137 772 Dominum
2162 708 2362 799 profi-

334 805 679 880 ciscentur,
723 818 792 869 ut
821 805 1137 891 pollicitus
1161 817 1254 871 est
1287 828 1304 868 τ
1352 807 1513 870 «Ubi
1548 830 1688 870 snm
1720 831 1873 895 ego,
1907 811 2033 877 illic
2063 825 2128 878 et
2152 814 2366 880 minis-

334 939 359 971 »
382 921 478 975 thr
509 933 687 975 meus
721 910 842 973 erit
865 908 911 973 ¹.
952 936 977 969 a
1022 910 1102 973 Et
1137 932 1251 997 per
1284 908 1526 973 infinita
1567 914 1792 974 saecula
1830 917 2181 1000 regnabunt
2214 941 2364 985 cum

331 1015 519 1080 Patre
553 1025 618 1078 et
647 1014 807 1080 Filio
829 1061 847 1088 ,
887 1027 952 1078 et
993 1013 1231 1101 Spiritu
1269 1027 1485 1079 sancto
1509 1064 1527 1089 ,
1577 1037 1750 1081 nunc
1789 1028 1853 1081 et
1897 1039 2174 1107 semper,
2209 1036 2272 1088 et
2303 1025 2366 1090 in

337 1120 567 1184 saeeula
590 1119 983 1183 saeculorum.
1016 1118 1241 1185 Amen.

337 1366 425 1385 m
432 1364 521 1384 m
528 1364 1536 1386 mmmmmmmmmmnss
1545 1361 2376 1395 mmmnfflmmmm

1022 1540 1418 1609 HOMILIA
1457 1540 1713 1609 XLIV.

355 1761 721 1848 Quantam
762 1760 836 1824 in
877 1753 1172 1825 homine
1221 1756 1612 1828 christiano
1648 1763 2112 1829 mutationem
2172 1775 2244 1830 ec
2274 1786 2385 1831 re-

446 1870 885 1938 novationem
892 1865 1142 1959 faciat
1168 1869 1503 1956 Clm'stus,
1529 1877 1661 1968 qui
1675 1874 1950 1945 animae
1972 1873 2388 1969 affectiones

441 2009 530 2055 ac
558 1982 836 2054 morbos
866 1986 1167 2052 sanavit.

434 2197 487 2260 1.
542 2193 960 2273 meaccedit
1002 2193 1081 2257 ad
1128 2190 1373 2267 Deum,
1440 2207 1508 2257 et
1552 2193 1786 2260 Christi
1835 2217 2107 2262 assessor
2161 2220 2380 2265 revera

348 2322 484 2363 esse
519 2297 853 2367 desiderat,
887 2295 1079 2378 hujus
1108 2296 1281 2380 scopi
1318 2296 1515 2380 gratia
1550 2300 1850 2360 accedere
1885 2298 2099 2371 debet,
2133 2312 2203 2364 ut
2237 2323 2385 2366 con-

354 2411 632 2467 vertatur
664 2397 830 2485 ipse,
878 2409 942 2460 et
974 2409 1428 2461 transmutetur
1461 2419 1491 2460 a
1517 2398 1714 2482 priori
1745 2412 1911 2463 statu
1942 2414 2007 2465 et
2054 2422 2379 2471 conversa-

357 2506 556 2578 tione,
584 2523 656 2567 ac
688 2500 929 2564 bonum
953 2511 1018 2564 et
1042 2522 1273 2563 novum
1295 2499 1623 2564 hominem
1653 2502 2063 2578 demonstret,
2093 2507 2201 2591 qui
2228 2508 2386 2573 nihil

351 2608 588 2673 veteris
623 2604 895 2669 hominis
927 2615 1149 2691 gestet,
1200 2630 1225 2663 ι
1247 2603 1476 2691 Siquis
1503 2604 1700 2679 enim,
1734 2605 1959 2692 inquit,
1993 2608 2057 2673 in
2090 2612 2370 2689 Christe,

360 2734 566 2777 »nova
596 2708 1000 2784 creaturafln
1044 2708 1355 2772 Dominus
1388 2709 1558 2773 enim
1603 2721 1819 2775 noster
1863 2710 2049 2776 Jesus
2097 2714 2396 2782 Christus

354 2829 687 2906 propterea
719 2814 915 2888 venit,
947 2825 1019 2877 nt
1040 2825 1332 2877 naturam
1356 2826 1776 2888 converteret,
1800 2830 2076 2883 mutaret
2105 2831 2169 2882 et
2193 2843 2358 2887 reno·

353 2941 564 3002 varet,
617 2937 804 3009 atque
847 2942 1100 2985 rursum
1131 2920 1435 2984 conderet
1471 2917 1749 2984 animam
1789 2919 1949 2984 hanc
1984 2944 2268 2989 eversam
2297 2928 2388 2991 as·-

349 3033 727 3101 fectionibus
752 3041 1009 3119 propter
1034 3026 1617 3113 transgressionem,
1653 3027 2066 3096 commiscens
2090 3033 2383 3113 eamdem

350 3163 498 3204 cum
530 3162 643 3204 suo
676 3136 915 3225 Spiritu
938 3134 1169 3201 divino.
1201 3132 1441 3199 Novam
1472 3144 1787 3207 mentem,
1819 3154 2056 3199 novam·
2077 3139 2376 3216 animam,

354 3267 546 3310 novos
591 3246 834 3317 oculos,
886 3264 1077 3307 novas
1116 3262 1319 3316 aures,
1360 3261 1590 3304 novam
1620 3238 1899 3326 linguam
1950 3242 2377 3326 spiritualem,

351 3362 441 3424 et,
474 3361 548 3413 ut
585 3349 844 3414 omnino
869 3346 1075 3421 dicam
1099 3394 1117 3421 ,
1150 3368 1344 3410 novos
1374 3344 1665 3409 homines
1688 3345 2019 3409 credentes
2043 3345 2101 3406 ei
2136 3357 2206 3408 ut
2240 3346 2382 3410 effi·-

355 3470 548 3531 ceret,
583 3456 777 3538 veuit,
811 3478 921 3518 seu
942 3473 1139 3515 novos
1164 3462 1357 3522 utres,
1384 3471 1626 3535 ungens
1648 3470 1756 3512 eos
1781 3470 1895 3512 suo
1924 3447 2117 3533 ipsius
2142 3452 2383 3520 lumine

362 3564 734 3651 cognitionis
754 3610 773 3637 ,
813 3570 886 3623 ut
914 3555 1275 3620 infunderet
1303 3551 1522 3612 vinum
1546 3573 1780 3614 novum
1803 3600 1820 3625 ‚
1857 3552 2030 3637 quod
2062 3566 2157 3616 est
2179 3555 2380 3641 Spiri-

286 3706 297 3715 -
360 3678 462 3729 tus
489 3666 649 3752 ejus.
702 3692 728 3723 ι
750 3664 984 3731 Vinum
1006 3656 1202 3731 enim,
1231 3653 1338 3726 ait,
1367 3672 1601 3716 novum
1621 3652 1687 3716 in
1708 3665 1882 3718 utres
1899 3676 2092 3719 novos
2115 3660 2379 3726 mitten..

358 3797 385 3831 a
405 3766 621 3834 dum⁸.
654 3794 681 3828 ι

429 3937 442 3961 ¹
472 3921 618 3972 Joan.
643 3936 737 3981 ιιι,
761 3916 837 3969 26.
864 3945 925 3956 —
952 3931 971 3955 ¹
1003 3914 1155 3968 acor.
1179 3930 1230 3975 v,
1261 3930 1335 3981 ιγ.
1362 3940 1419 3953 —-
1451 3914 1472 3949 ³
1498 3910 1675 3963 Matar.
1702 3925 1775 3971 xx,
1799 3925 1874 3977 17.

576 4047 790 4093 xtvm.
2085 4035 2112 4081 ¹
2125 4014 2166 4082 8
