2982 4885
1004 533 1244 578 ancum
1288 532 1520 578 eumn-1·
1530 535 1685 580 Ans.
2233 513 2364 604 473

329 648 661 738 diligenter
696 661 759 714 et
803 647 1073 715 fideliter
1106 660 1356 714 servet:
1390 648 1550 714 nihil
1585 649 1932 738 suscipiens
1955 700 1973 727 ,
2024 671 2144 717 nec
2175 650 2365 740 quid·

329 778 518 844 quam
555 757 808 821 tradens
842 756 977 821 sine
1009 755 1385 821 auctoritate
1413 758 1517 822 vel
1549 757 1872 822 seniorum
1907 758 2189 824 consilio.
2231 759 2359 839 Qui

327 862 515 929 etiam
557 861 768 926 omnia
824 861 1113 927 utensilia
1168 883 1309 948 quae
1350 862 1414 925 in
1452 861 1839 927 monasterio
1884 874 2074 938 sunt,
2112 863 2178 929 id
2221 875 2353 939 est,

326 979 563 1034 vestem
583 1014 600 1039 ,
624 989 763 1042 vas,
788 965 1244 1031 ferramentum
1262 1012 1283 1040 ,
1309 977 1374 1030 et
1397 965 1713 1052 quidquid
1733 965 1954 1031 usibus
1978 966 2358 1053 quotidianis

323 1070 752 1136 necessarium
777 1084 909 1146 est,
945 1071 1301 1144 custodint;
1327 1082 1392 1135 et
1423 1092 1939 1160 unamquamque
1971 1093 2107 1135 rem
2141 1070 2358 1159 profe-

322 1196 502 1250 rens,
530 1197 678 1241 cum
708 1175 900 1241 fuerit
935 1175 1361 1241 necessarium
1383 1223 1402 1250 ,
1441 1175 1519 1239 ab
1559 1197 1637 1240 eo
1661 1175 1892 1240 iterum
1925 1175 2004 1241 ad
2035 1197 2359 1263 reponen-

321 1281 474 1345 dum
497 1280 602 1346 cui
630 1284 869 1347 utendo
898 1279 1361 1369 consignaverit
1382 1292 1773 1369 recepturus.
1808 1280 1909 1346 Ad
1936 1280 2175 1346 vietum
2201 1301 2365 1345 vero.

319 1385 585 1452 fratrum
615 1387 892 1475 proferat
931 1410 1005 1452 ac
1048 1389 1259 1452 tradat
1291 1385 1753 1474 septimanariis
1793 1410 1811 1449 ε
1849 1388 1928 1451 ad
1961 1386 2359 1453 condiendos

322 1491 497 1555 cibos
521 1494 629 1557 det
641 1495 993 1558 necessaria
1019 1493 1371 1557 secundum
1394 1491 1761 1578 quotidiana
1783 1513 2071 1580 expensae
2096 1512 2363 1556 consue·

321 1597 608 1661 tudinem
631 1646 650 1672 ‚
685 1618 891 1684 neque
920 1597 1215 1686 profuse,
1251 1618 1457 1683 neque
1489 1615 1713 1670 avare3
1745 1587 1828 1660 ne
1849 1595 2001 1661 vitio
2034 1595 2229 1683 ipsius
2257 1597 2365 1662 vel

320 1702 685 1768 monasterii
719 1703 1066 1768 substantia
1101 1715 1422 1791 gravetur,
1461 1705 1562 1767 vel
1591 1702 1818 1767 fratres
1841 1701 2165 1790 patiantur
2193 1701 2361 1788 inju-

318 1806 498 1872 riam.
531 1805 660 1872 Sed
682 1821 750 1874 et
770 1809 1216 1873 necessitatem
1243 1806 1643 1873 infirmorum
1668 1806 1934 1872 fratrum
1968 1828 2042 1872 sc
2071 1807 2359 1872 laborem

318 1911 724 1977 considerans
754 1962 772 1987 ,
835 1912 994 1978 nihil
1037 1912 1478 2001 aegrotantium
1531 1912 1860 1978 desideriis
1907 1923 2096 2000 neget
2140 1934 2220 1979 ex
2260 1910 2362 1977 his

315 2038 453 2102 quae
475 2015 770 2082 babuerit
788 2065 806 2092 ,
831 2028 1139 2104 quantum
1171 2015 1290 2081 illis
1315 2037 1575 2081 necesse
1605 2015 1818 2082 fuerit.
1851 2013 2357 2082 Advenientibus

317 2120 573 2185 diversis
626 2120 922 2186 fratribus
964 2142 1140 2186 escas
1181 2120 1448 2207 parabit.
1499 2119 1649 2183 Haec
1707 2118 1833 2184 erit
1869 2140 2024 2184 cura
2073 2116 2357 2183 custodis

318 2224 590 2299 cellarii,
627 2246 963 2288 recurrens
1001 2245 1249 2309 semper
1281 2226 1363 2288 ad
1387 2223 1712 2291 seniorum
1746 2223 2086 2287 consilium
2107 2270 2126 2297 ‚
2162 2234 2227 2287 et
2252 2245 2324 2286 re

318 2326 572 2412 quirens
611 2328 689 2390 de
714 2324 1031 2398 omnibus,
1067 2328 1166 2390 vel
1193 2325 1513 2411 praecipue
1546 2325 1627 2388 de
1655 2323 1756 2389 his
1786 2346 1927 2409 quae
1951 2323 2211 2410 proprio
2240 2345 2356 2391 suo

319 2429 647 2495 intellectu
669 2451 798 2494 non
828 2429 1107 2516 potuerit
1128 2427 1500 2514 adimplere.

406 2534 645 2604 XXVI.
700 2534 955 2600 Ostiarii
1000 2556 1154 2599 cura
1193 2533 1274 2597 sit
1298 2581 1316 2606 ,
1367 2545 1439 2597 ut
1480 2554 1706 2597 omnes
1744 2531 2162 2597 advenientes
2196 2530 2363 2596 intra

317 2639 538 2726 januas
561 2638 861 2724 recipiat;
902 2642 1059 2704 dans
1084 2638 1174 2703 eis
1199 2659 1574 2725 responsum
1598 2636 1940 2702 honestum
1965 2657 2113 2700 cum
2156 2636 2366 2701 humi·

318 2743 495 2811 litate
535 2756 600 2809 et
650 2744 1002 2810 reverentia
1033 2792 1052 2818 ‚
1106 2765 1179 2808 ac
1222 2742 1433 2808 statim
1476 2742 1778 2807 nuntians
1821 2744 1923 2808 vel
1964 2739 2214 2815 abbati,
2263 2743 2364 2807 vel

318 2847 670 2913 senioribus
695 2897 714 2923 ,
749 2848 893 2935 quis
923 2848 1167 2912 venerit
1195 2860 1260 2912 et
1291 2847 1446 2935 quid
1473 2846 1749 2935 petierit.
1791 2844 1924 2913 Nec
1958 2846 2126 2911 ullus
2148 2856 2361 2910 extra-

317 2974 584 3018 neorum
624 2952 900 3019 natiatur
941 2952 1279 3027 iniuriam;
1319 2973 1527 3037 neque
1568 2951 1803 3017 habeat
1837 2972 1996 3016 cum
2033 2948 2246 3037 aliquo
2278 2950 2362 3014 de

315 3057 603 3124 fratribus
1201 3078 1237 3121 c
1286 3055 1656 3121 facultatem
1705 3054 2063 3141 loquendi,
2118 3054 2359 3142 absque

314 3163 603 3228 conscien
1197 3161 1511 3226 seniorum
1547 3158 1903 3247 praesentia.
1934 3156 2004 3223 Si
2030 3157 2185 3244 quid
2213 3179 2365 3222 vero

313 3267 695 3355 cuicumque
751 3293 832 3333 ne
890 3293 1192 3333 iratrinus
1255 3268 1522 3357 missum
1577 3266 2086 3347 mandatumque
2131 3258 2362 3334 fuerit»

314 3371 474 3437 nihil
521 3375 601 3438 ad
643 3373 853 3458 ipsum
886 3372 1210 3457 perveniat
1238 3371 1416 3457 prius
1447 3392 1642 3457 quam
1687 3366 1939 3437 abbati,
1972 3364 2074 3434 vel
2115 3361 2372 3427 seniori-

309 3479 429 3542 bus
464 3477 806 3542 indicetur.
849 3471 1015 3537 Ante
1039 3472 1251 3537 omnia
1276 3472 1571 3535 ostiarius
1591 3467 1960 3537 monasterii
1987 3465 2123 3531 baec
2147 3466 2369 3531 obser-

312 3582 522 3654 vabit,
557 3602 638 3644 ne
667 3597 1051 3664 quemquam
1087 3575 1165 3639 de
1199 3571 1508 3636 fratribus
1542 3572 1697 3636 foris
1733 3574 1993 3658 januam
2023 3567 2195 3635 exire
2224 3592 2372 3657 per-

311 3695 680 3852 mltlgngl.
733 3782 801 3848 Si
841 3781 983 3869 quis
1037 3779 1377 3847 accesserit
1432 3779 1513 3843 ad
1563 3777 1799 3843 ostium
1861 3780 2081 3844 volens
2132 3781 2371 3846 saecul⁰

197 3870 203 3884 ¹
317 3888 706 3967 renuntiare,
726 3900 792 3954 et
814 3887 1079 3952 fratrum
1103 3883 1423 3975 aggregari
1450 3905 1751 3959 numero,
1778 3905 1907 3949 non
1926 3882 2160 3950 habeat
2181 3883 2375 3950 liber-

213 4003 219 4011 '
326 4010 523 4064 tatem
561 3992 874 4068 intrandi3
917 3994 1030 4058 sed
1068 3991 1246 4079 prius
1281 3988 1611 4059 nuntietur
1647 3989 1812 4080 patri
1858 3987 2224 4057 monasterii
2243 4036 2264 4065 ,
2304 3998 2372 4051 et
