2982 4885
1093 532 1352 608 anunm
1399 544 1563 608 xivf.
1662 530 1669 537 ’
2217 522 2345 634 '189

299 695 422 774 qua
458 666 648 754 varie,
685 675 756 743 ut
793 667 1091 754 volueris,
1127 673 1478 766 scripseris,
1516 699 1589 744 ac
1628 693 1843 743 rursus
1873 667 2338 757 obliteraveris3

301 784 471 877 capit
501 785 668 852 enim
698 783 1065 849 membrana
1091 802 1561 871 quamcumque
1591 782 2009 873 scripturam:
2037 780 2128 848 sic
2150 783 2344 852 ctiam

305 897 500 960 durus
540 893 930 958 voluntatem
959 886 1150 955 ‘suam
1192 888 1462 954 contulit
1503 888 1567 954 in
1598 890 1836 964 Deum,
1880 909 2219 955 conversus
2249 898 2347 958 est
2422 898 2429 903 ’

305 1002 384 1067 ad
433 1001 698 1073 bonum,
758 1009 1089 1085 susceptus
1144 1008 1239 1060 est
1286 1018 1318 1060 a
1357 996 1511 1060 Deo.
1568 995 1740 1065 Deus
1769 996 1968 1071 enim,
2024 1009 2097 1062 ut
2126 996 2349 1063 intima

303 1105 807 1171 amorisviscera
848 1102 1350 1176 demonstraret,
1391 1121 1612 1166 omnes
1659 1100 1909 1189 recipit,
1964 1122 2349 1190 omnemque

304 1206 708 1274 voluntatem.
745 1207 1035 1295 Apostoli
1060 1214 1532 1293 quamcumque
1563 1206 1883 1270 civitatem
1915 1204 2353 1294 ingredieban-

306 1324 433 1388 tur,
484 1312 898 1377 morabantur
944 1311 1007 1375 in
1049 1333 1120 1374 ea
1166 1311 1557 1397 aliquantum
1599 1310 1937 1397 temporis,
1982 1322 2048 1374 et
2078 1330 2155 1375 ex
2186 1312 2354 1377 male

310 1418 547 1483 ass'cctis
573 1419 877 1503 quosdam
906 1416 1235 1489 sanabant,
1263 1416 1572 1500 quosdam
1602 1436 1750 1477 vero
1779 1435 1925 1478 nou.
1951 1414 2351 1502 Exoptabant

305 1530 455 1586 'vero
491 1521 605 1607 ipsi
636 1518 918 1605 Apostoli
942 1529 1207 1581 cunctos
1240 1529 1464 1581 eorum
1496 1529 1783 1581 mortuos
1818 1516 1881 1579 in
1916 1516 2107 1582 vitam
2134 1520 2349 1604 postli-

310 1617 509 1691 minio
541 1642 861 1695 revocare,
889 1633 952 1684 et
977 1620 1144 1684 male
1169 1619 1479 1684 habentes
1507 1616 1587 1684 ad
1612 1619 1941 1683 sanitatem
1967 1624 2356 1708 perducere·

312 1749 533 1794 verum
573 1726 863 1790 voluntas
911 1745 1135 1788 eorum
1183 1744 1310 1789 non
1363 1736 1478 1825 p‘er
1511 1722 1725 1787 omnia
1772 1723 2170 1812 implebatur.
2219 1725 2359 1792 Non
2404 1766 2411 1773 ·

314 1832 485 1897 enim
510 1830 783 1895 dabatur
813 1827 940 1903 eis,
951 1844 1397 1915 quaecumque
1440 1812 1777 1903 volebant,
1820 1849 2137 1967 peragere.
2180 1825 2365 1895 Simi-

313 1937 457 2003 liter
476 1934 736 2049 Paulus,
776 1952 927 1998 cum
948 1933 1343 1998 detineretur
1368 1955 1400 1998 a
1423 1932 1722 2022 prael'octo
1752 1932 2024 2022 gentisss
2051 1933 2103 1998 si
2126 1934 2362 2000 voluis-

317 2053 432 2107 set
459 2038 696 2128 gratia,
741 2059 864 2125 qua
910 2038 1211 2126 praeditus
1262 2051 1434 2113 erat,
1490 2038 1746 2105 fecisset
1777 2037 2146 2127 praefectum
2180 2038 2363 2107 inum

317 2146 563 2234 gentis,
607 2156 798 2251 atque
842 2166 1102 2208 murum
1151 2143 1475 2233 dirumpi,
1525 2157 1593 2210 et
1638 2143 1934 2259 effringi,
1986 2145 2219 2236 quippe
2261 2145 2371 2235 qui

327 2250 519 2316 homo
547 2260 686 2314 erat
699 2240 1045 2312 paracleto
1079 2251 1397 2335 repletus·
1430 2260 1652 2314 verum
1690 2272 1806 2337 per
1837 2262 2120 2338 sportam
2154 2252 2374 2318 ‹limit-

330 2355 487 2420 titur
523 2352 884 2438 Apostolus.
919 2348 1004 2412 Et
1025 2349 1138 2412 ubi
1177 2351 1377 2413 virtus
1427 2348 1669 2426 divina,
1706 2376 1830 2437 qua
1859 2354 2159 2452 praeditus
2187 2353 2376 2420 erat?

330 2458 483 2525 Haec
533 2475 682 2519 cum
728 2451 1195 2570 dispensatione
1242 2450 1515 2526 fiebant,
1550 2464 1624 2518 ut
1665 2454 2097 2539 quibusdam
2079 2481 2143 2522 m
2188 2458 2379 2523 rebus

334 2561 640 2629 miracula
676 2579 750 2622 ac
795 2557 969 2643 signa
1004 2554 1267 2620 ederent
1312 2555 1474 2645 ipsi,
1518 2557 1581 2620 in
1627 2556 1939 2652 aliquibus
1981 2559 2189 2625 minus
2229 2583 2379 2650 pos-

338 2676 537 2732 sent:
572 2676 645 2728 ut
677 2662 742 2727 in
764 2661 941 2727 hisce
970 2658 1439 2726 discerneretur
1471 2659 1627 2727 sides
1662 2662 2098 2739 credentium,
2139 2677 2204 2730 et
2248 2688 2379 2733 non

342 2768 775 2842 credentium,
813 2766 1215 2853 liberumque
1258 2767 1591 2832 arbitrium
1632 2768 2035 2858 probaretur,
2073 2792 2144 2836 ac
2176 2761 2385 2839 mani-

340 2876 696 2948 festaretur,
741 2887 906 2936 num
930 2872 1189 2960 quidam
1238 2872 1320 2937 ob
1367 2871 1648 2959 ipsorum
1697 2872 1761 2937 in
1792 2873 2171 2961 quibusdam
2204 2874 2385 2942 infir-

340 2982 625 3047 mitatem
648 2969 1066 3043 oss'ens'ionem
1079 2988 1475 3066 paterentur,
1503 2987 1738 3044 necne.
1766 2978 1832 3044 Si
1853 2981 2023 3046 enim
2052 3004 2383 3069 quaecum-

345 3109 466 3173 quo
515 3084 844 3158 volebant,
908 3081 1201 3148 fecissent
1251 3083 1581 3172 Apostoli,
1625 3085 1685 3149 vi
1721 3086 1994 3172 quadam
2033 3087 2386 3154 necessaria

350 3190 801 3278 compulissent
833 3188 1126 3255 homines
1158 3190 1237 3254 ad
1267 3191 1514 3255 cultum
1541 3188 1860 3267 divinum,
1900 3215 2015 3280 per
2050 3193 2380 3270 miracula,

349 3310 412 3361 et
464 3296 726 3362 liberam
766 3304 1182 3384 potestatem,
1240 3317 1357 3360 nec
1419 3294 1689 3384 amplius
1740 3293 1897 3360 fides
1949 3297 2210 3371 suisset,
2282 3310 2391 3364 aut

353 3399 704 3466 infidelitas,
761 3398 1268 3464 Christianorum
1308 3401 1517 3464 cultus
1553 3398 1725 3464 enim
1759 3398 1915 3487 lapis
1962 3411 2059 3463 est
2101 3396 2389 3466 offensio-

357 3508 485 3583 niS,
521 3517 586 3573 et
617 3518 795 3597 petra
820 3506 1118 3572 scandali.
2154 3567 2155 3570 ,

448 3611 576 3675 Vll.
633 3612 870 3678 Verum
916 3610 1091 3699 quod
1120 3612 1200 3676 de
1224 3607 1390 3675 Jobo
1415 3609 1723 3698 scriptum
1747 3620 1842 3676 est
1859 3657 1876 3683 ,
1903 3631 2031 3674 non
2054 3610 2190 3676 lere
2209 3661 2229 3689 ,
2284 3625 2395 3681 aut

364 3712 621 3776 omnino
652 3719 898 3781 nullum
921 3729 1038 3791 est,
1059 3715 1387 3803 quomodo
1419 3713 1724 3780 nimirum
1756 3714 2016 3780 Satanas
2036 3736 2186 3779 eum
2211 3736 2395 3803 expe-

365 3814 594 3881 tiverit.
634 3816 771 3881 Non
802 3819 973 3883 enim
994 3821 1200 3906 potuit
1223 3822 1357 3886 sine
1391 3820 1703 3910 permissu
1737 3843 1771 3887 a
1801 3843 1868 3887 se
1891 3821 2026 3909 ipso
2049 3821 2394 3909 quidquam

364 3921 596 3989 facere.
644 3919 883 3988 Verum
936 3924 1088 4007 quid
1126 3926 1279 3993 dicit
1327 3927 1602 3996 Domino
1654 3925 2001 3998 diabolus?
2038 3954 2065 3990 ι
2101 3928 2196 3999 Da
2236 3927 2395 3996 mihi

438 4069 455 4096 ⁸
489 4059 598 4110 Act.
628 4063 702 4118 nx,
729 4058 808 4117 ²4·
