2982 4885
661 448 787 530 4η
1335 462 1384 505 s.
1435 459 1700 508 ascum
1741 458 2015 507 ,ecum

656 581 928 651 metibus
956 578 1293 647 criminum
1314 578 1554 643 animas
1571 624 1589 650 ,
1613 586 2021 663 mentesque,
2050 574 2183 641 beu
2205 580 2347 643 mel
2383 578 2701 670 ipsorum,

655 688 1019 753 tenebrosas
1051 697 1116 749 et
1136 684 1332 749 soedas
1366 682 1616 755 reddit:
1652 693 1804 746 tunc
1829 680 2020 777 etiam
2047 703 2321 771 corpora
2344 692 2699 765 maculosa,

656 792 718 857 in
752 814 1072 857 summum
1103 791 1308 878 palam
1341 789 1615 852 dedecus
1655 785 1943 851 omnium
1972 787 2175 851 oculis
2200 793 2509 857 ostendet.

737 892 978 963 XXVI.
1034 895 1588 974 Quemadmodum
1629 904 1773 980 post
1812 892 2384 979 transgressionem
2426 897 2704 974 Adami,

654 1001 784 1067 lata
814 999 881 1063 in
909 1021 1058 1065 eum
1081 998 1390 1063 sententia
1419 997 1640 1061 mortis
1669 996 1837 1083 justo
1869 995 1986 1061 Dei
2012 997 2236 1085 optimi
2265 999 2526 1086 judicio,
2561 1002 2709 1090 pri-

657 1127 836 1170 mum
863 1103 1220 1170 executioni
1244 1102 1537 1167 mandata
1575 1101 1759 1167 estin
1780 1100 1921 1195 ejus
1945 1101 2187 1178 anima,
2228 1125 2374 1168 vere
2406 1094 2519 1192 per
2554 1128 2707 1193 pec-

659 1223 874 1276 catum
917 1210 1049 1296 jam
1093 1221 1230 1273 tum
1269 1221 1559 1283 mortua,
1605 1207 2140 1271 intellectualibus
2181 1208 2314 1292 ejus
2360 1210 2703 1283 sensibus,

657 1336 775 1403 per
803 1313 1219 1403 privationem
1251 1312 1522 1379 coelestis
1543 1323 1608 1376 et
1636 1311 1975 1399 spiritualis
1999 1312 2204 1400 gratim
2224 1360 2240 1386 ,
2265 1312 2561 1376 extinctis
2581 1345 2601 1386 ,
2641 1327 2709 1378 et

663 1420 743 1483 ad
784 1430 1184 1483 mortuorum
1227 1417 1704 1483 similitudinem
1736 1418 2009 1482 redactis
2038 1416 2398 1511 :posterius
2429 1440 2588 1481 vero
2624 1419 2702 1480 ad

661 1545 893 1612 corpus
936 1546 1188 1612 quoque
1231 1546 1404 1588 mors
1449 1524 1774 1611 pervenit,
1807 1524 2068 1610 expletis
2100 1521 2412 1586 trahendo
2457 1535 2699 1585 morta-

661 1627 788 1693 lem
831 1628 1021 1693 vitam
1075 1628 1251 1691 annis
1303 1627 1561 1714 triginta
1606 1650 1791 1717 supra
1837 1639 2187 1717 nongentos
2228 1652 2244 1689 z
2290 1627 2381 1691 sie
2421 1638 2487 1690 et
2524 1649 2695 1690 nunc

661 1754 778 1818 per
806 1751 1062 1803 crucem
1083 1741 1148 1793 et
1175 1742 1448 1795 mortem
1473 1731 1811 1797 Salvatoris
1843 1732 2121 1796 humano
2150 1731 2364 1819 generi
2405 1730 2696 1799 reconci-

661 1835 846 1898 liatus
867 1830 1079 1907 Deus,
1121 1833 1396 1901 restituit
1425 1859 1573 1901 vere
1595 1840 1961 1901 credentem
1989 1837 2265 1901 animam
2290 1836 2487 1901 adhuc
2510 1834 2697 1899 carni

664 1935 1021 2002 devinctam
1056 1937 1120 2002 in
1156 1938 1517 2004 fruitionem
1548 1939 1967 2027 spiritualium
2013 1942 2334 2008 luminum
2363 1953 2422 2005 et
2449 1951 2689 2026 myste-

660 2040 941 2115 riorum,
987 2054 1054 2107 et
1098 2042 1551 2108 intellectuales
1595 2043 1732 2130 ejus
1770 2066 1991 2110 sensus
2036 2044 2248 2111 divina
2299 2034 2442 2112 luc}
2484 2044 2699 2133 gratiae

662 2146 948 2211 oculatos
977 2149 1218 2225 reddit;
1247 2147 1518 2235 denique
1546 2148 1759 2237 ipsum
1788 2149 1982 2225 etiam
2015 2122 2248 2240 corpu}
2266 2148 2603 2249 immortali
2632 2160 2705 2213 et

662 2249 1130 2341 incorruptibili
1160 2253 1629 2320 circumvestiet
1662 2256 1964 2321 claritate.

751 2356 1015 2424 XXVII.
1072 2358 1200 2438 Qui
1237 2383 1302 2426 se
1327 2363 1405 2426 ab
1437 2362 1563 2427 hoc
1586 2365 1827 2427 mundo
1860 2366 2085 2451 procul
2115 2374 2355 2433 tenent,
2386 2372 2623 2425 sancte
2646 2372 2711 2424 et

664 2463 745 2529 ex
763 2455 1070 2529 v&irtutum
1098 2468 1480 2555 praescriptis
1514 2468 1790 2533 viventes
1808 2493 1827 2542 ς
1866 2470 2066 2535 adhuc
2091 2480 2288 2530 tamen
2321 2465 2712 2532 velamento

659 2567 1217 2655 ,perturbationum
1260 2570 1638 2644 inumbrati;
1688 2572 1792 2636 cui
1828 2573 2122 2645 miseriae,
2164 2579 2418 2658 propter
2460 2561 2711 2634 inobe-

664 2670 965 2737 dientiam
1007 2673 1379 2758 protoplasti
1422 2675 1679 2740 obnoxii
1730 2700 1952 2745 omnes
2007 2700 2223 2743 sumus
2263 2697 2278 2739 τ
2320 2675 2565 2738 carnali
2604 2674 2706 2738 in-

666 2792 852 2857 quam
867 2817 885 2843 ,
925 2770 1199 2856 subjecti
1245 2775 1488 2851 sensui,
1506 2800 1711 2864 *quem
1734 2780 2071 2870 Apostolus
2091 2810 2115 2839 α
2130 2784 2399 2870 Mortem
2422 2807 2448 2840 n
2472 2780 2698 2843 merito

666 2869 937 2962 appe‘llat
957 2870 1018 2947 ¹3
1047 2874 1115 2939 hi
1146 2875 1380 2944 similes
1414 2897 1562 2948 sunt
1585 2883 1943 2948 hominibus
1969 2894 2163 2945 noctu
2192 2883 2316 2945 iter
2344 2869 2701 2972 aventibusss

665 2980 745 3043 nd
795 2979 1010 3045 lucem
1057 2996 1411 3059 astrorum,
1456 3009 1597 3072 qum
1638 3000 1785 3049 sunt
1834 2984 1949 3048 Dei
1994 2994 2333 3070 praecepta.
2402 2985 2700 3067 Quandiu

661 3080 835 3148 enim
862 3089 1147 3152 nondum
1175 3090 1454 3173 perfecte
1483 3086 1728 3149 liberati
1760 3107 1793 3147 a
1833 3083 2112 3148 tenebris
2148 3100 2333 3180 sunt,
2369 3091 2537 3154 clare
2567 3111 2703 3153 om-

663 3189 767 3254 nia
799 3192 1154 3284 perspicere
1177 3212 1302 3254 non
1332 3198 1611 3277 possunt.
1652 3186 1904 3267 Quibus
1928 3202 1994 3254 et
2018 3192 2355 3268 convenit,
2380 3194 2599 3258 labore
2626 3217 2703 3258 ac

664 3292 842 3374 fide,
872 3296 1085 3360 virtuti
1136 3293 1548 3386 attendendo,
1597 3315 1780 3359 orare
1812 3294 2139 3362 Christum
2170 3301 2365 3363 solem
2400 3299 2703 3386 justitioe,

662 3410 737 3460 ut
763 3398 1296 3490 illuminetfficorda
1331 3396 1650 3485 ipsorum,
1686 3423 1812 3487 quo
1842 3403 2087 3491 possint
2115 3389 2328 3469 exacte
2360 3404 2710 3489 pervidere

665 3510 893 3564 cuncta
914 3545 933 3572 ,
959 3505 1024 3563 e't
1047 3498 1469 3587 spiritualium
1494 3506 1841 3572 bestiarum
1863 3507 2184 3575 incursum
2212 3509 2271 3572 in
2304 3527 2414 3569 nos
2438 3508 2716 3576 varium

664 3615 851 3689 atque
885 3604 1341 3693 multiplicem3
1376 3623 1441 3675 et
1475 3610 1971 3701 incorruptibilis
2017 3614 2238 3688 mundi
2267 3603 2712 3699 pulchritudi‘-

662 3730 775 3774 nes
806 3729 1065 3777 arcanas
1097 3711 1437 3779 ineffabilis
1461 3728 1527 3779 et
1556 3705 1803 3781 decoris
1823 3729 1891 3806 et
1911 3717 2272 3806 voluptatis,
2300 3737 2429 3804 quo
2452 3714 2708 3802 scilicet

662 3809 854 3880 modo
892 3817 1072 3883 valde
1109 3819 1423 3905 provectis
1455 3818 1520 3884 in
1552 3819 1820 3898 virtute,
1856 3833 1920 3887 et
1948 3844 2220 3916 quorum
2254 3819 2555 3892 cordibus
2592 3823 2707 3892 lu-

736 3965 753 3989 ·
784 3951 926 4003 Rom.
954 3968 1038 4008 vn,
1065 3952 1145 4032 ²⁴:
