2982 4885
659 466 819 554 '5396
1370 487 1416 528 s.
1472 484 1736 531 uacum
1781 487 2049 536 zerra-u

669 602 951 669 animam
991 613 1058 666 et
1103 612 1420 675 mentem,
1472 603 1867 669 assentiendo
1908 604 2142 694 pravis,
2193 628 2452 694 poenam
2506 606 2725 700 ntique

686 707 893 771 (lebet.
952 705 1288 771 Custodire
1334 706 1525 794 igitur
1569 710 1884 783 convenit,
1922 711 2085 776 sicut
2123 737 2154 775 a
2187 710 2421 780 visibili
2461 732 2724 803 peccate

681 834 939 900 corpus,
968 812 1052 877 ita
1075 812 1432 876 etanimam
1454 836 1488 878 a
1506 815 1990 902 cogitationibus
2014 819 2361 885 immundis
2375 846 2394 896 ;
2422 826 2726 909 quoniam

661 918 817 984 shaec
851 940 1078 1007 sponsa
1112 916 1343 981 Christi
1374 930 1488 983 est.
1516 945 1541 978 α
1574 920 1892 1009 Despond‘i
1930 925 2099 988 enim
2131 948 2266 1002 vos,
2302 928 2408 1003 ait,
2444 929 2558 993 nni⁴
2589 931 2726 997 viro

675 1052 711 1087 ῳ
731 1023 1034 1113 virginem
1066 1034 1303 1087 castam
1329 1022 1630 1091 exhibere
1662 1026 1973 1094 Christo&
2000 1056 2026 1090 ιι
2044 1030 2209 1096 Audi
2234 1054 2487 1121 quoque
2508 1032 2729 1123 Scrip-

688 1141 893 1195 turam
918 1128 1235 1194 dicentem
1263 1151 1280 1192 ε
1304 1157 1328 1188 ι
1354 1129 1545 1195 Omni
1575 1131 1859 1197 custodia
1885 1156 2062 1199 serva
2094 1158 2205 1200 cor
2230 1149 2444 1212 tuum3
2472 1138 2616 1225 quia
2646 1162 2726 1205 ex

669 1262 713 1301 -ι
734 1236 865 1324 ipso
894 1234 1013 1299 vita
1035 1232 1382 1322 procedit².
1405 1262 1429 1294 ι
1449 1234 1529 1300 Et
1547 1283 1564 1311 ,
1596 1236 1960 1303 «perversas
1994 1241 2392 1329 cogitationes
2421 1264 2726 1331 separare

686 1322 768 1404 {a
791 1338 957 1406 Deo⁸
973 1365 1002 1414 ,ς
1032 1367 1056 1399 n
1076 1362 1291 1404 rursus
1317 1340 1488 1406 disce
1511 1364 1545 1404 a
1571 1341 1781 1408 divina
1803 1343 1867 1427 id
1894 1346 2162 1411 docente
2185 1345 2522 1435 Scriptura.

667 1502 674 1511 .
777 1442 847 1509 V.
900 1443 1232 1510 Rationem
1263 1445 1469 1532 exigat
1504 1468 1539 1511 a
1582 1471 1692 1513 sua
1723 1438 2152 1537 unusquisque
2191 1451 2390 1516 anima
2419 1501 2436 1527 ,
2473 1452 2730 1519 discor-

683 1571 845 1614 ·nens
877 1562 942 1614 et
967 1553 1302 1640 explorans
1322 1600 1339 1625 ,
1373 1554 1451 1617 ad
1477 1573 1765 1639 qnmnam
1801 1552 2162 1621 alliciatur?
2191 1556 2271 1621 Et
2293 1554 2343 1621 si
2369 1557 2542 1623 haud
2578 1582 2726 1625 con-

677 1678 914 1723 {sonans
959 1656 1074 1722 Dei
1124 1658 1367 1745 legibus
1415 1660 1756 1748 contigerit
1803 1662 2015 1727 videre
2060 1685 2172 1727 cor
2199 1688 2217 1737 ς
2266 1664 2443 1727 omni
2492 1678 2719 1730 conatu

687 1762 1223 1847 quemadmodum
1261 1784 1525 1849 corpus,
1569 1765 1651 1828 ita
1684 1777 1748 1830 ot
1785 1779 2063 1832 mentem
2104 1791 2481 1835 conservare
2512 1771 2717 1835 incor-

678 1876 936 1953 ruptam
984 1867 1276 1940 studeat,
1323 1880 1514 1953 atque
1554 1866 1837 1956 im'puris
1866 1858 2190 1939 assensum
2239 1875 2722 1964 cogitationibus

679 1981 1038 2059 negantem.
1093 1969 1419 2057 Siquidem
1463 1973 1614 2037 velit
1645 1972 1822 2060 juxta
1860 1976 2347 2063 promissionem
2404 1979 2724 2046 introduci

673 2072 752 2139 ¹in
777 2074 1145 2138 convictum
1190 2086 1253 2139 et
1301 2073 1529 2141 choros
1563 2100 1866 2165 purarum
1897 2080 2213 2170 virginum
2237 2084 2286 2150 ⁵.
2329 2085 2725 2151 cohabitatio

691 2175 863 2240 enim
908 2189 974 2242 et
1021 2177 1343 2244 familiaris
1384 2182 1780 2248 conversatio
1816 2186 1993 2273 puris
2041 2189 2303 2254 omnino
2348 2202 2412 2254 ct
2460 2191 2523 2256 in
2563 2190 2729 2256 recti

689 2302 902 2347 amore
928 2280 1064 2348 fixis
1093 2284 1399 2371 promissa
1426 2300 1522 2353 est
1547 2287 1896 2356 animabus

779 2384 882 2453 Vl.
904 2383 1112 2455 ‘Sicut
1166 2391 1294 2481 agri
1350 2392 1589 2484 proprii
1648 2395 2158 2487 diligentissimus
2213 2398 2473 2465 colonus
2529 2413 2742 2468 novat

591 2565 596 2570 ,
687 2516 839 2562 cum
867 2495 1044 2582 prius
1066 2509 1131 2561 et
1161 2521 1238 2564 ex
1258 2523 1337 2565 eo
1369 2502 1580 2588 spinas
1603 2503 1767 2569 tollit
1784 2529 1805 2579 ς
1841 2527 1915 2571 ac
1938 2518 2074 2571 tum
2111 2507 2353 2569 demum
2385 2502 2603 2588 injicit
2630 2530 2747 2572 so·

673 2599 858 2673 mina
880 2601 1002 2673 ;ita
1026 2614 1092 2666 et
1123 2604 1228 2689 qni
1254 2628 1286 2668 a
1310 2606 1443 2669 Deo
1465 2620 1759 2693 expectat
1790 2624 2135 2677 sementem
2165 2607 2369 2697 gratim
2393 2608 2733 2696 accipere,

694 2725 962 2790 purgare
993 2705 1165 2791 prins
1198 2708 1388 2773 debet
1416 2710 1641 2778 animm
1684 2737 1813 2779 suae
1846 2739 2063 2804 agrum
2095 2764 2112 2789 ‚
2146 2726 2219 2779 ut
2254 2736 2463 2780 semen
2494 2715 2734 2783 deinde
2810 2787 2831 2802 ,

694 2807 758 2870 in
793 2829 940 2871 eum
972 2809 1256 2876 incidens
1289 2813 1561 2904 Spiritus
1584 2868 1600 2893 ,
1637 2820 1950 2908 perfectos
1981 2832 2046 2884 et
2084 2819 2466 2906 multiplices
2505 2819 2731 2887 reddat

679 2910 958 2982 fructus.
996 2914 1156 2982 Nam
1202 2918 1267 2984 ui
1304 2919 1430 2989 hoc
1466 2922 1576 2990 ssat
1612 2936 1758 2988 ante
1791 2923 1996 2988 omnia
2024 2969 2042 2995 ‚
2079 2932 2144 2984 et
2174 2921 2293 2985 nisi
2325 2925 2727 2989 mundaverit

683 3017 831 3105 quis
862 3041 927 3083 se
962 3019 1169 3111 ipsum
1211 3026 1289 3091 ab
1334 3030 1508 3093 omni
1554 3027 2023 3113 inquinamento
2065 3023 2272 3096 carnis
2307 3038 2375 3092 et
2416 3028 2723 3119 SpirituS,

683 3144 835 3190 caro
853 3138 950 3192 est
976 3141 1041 3194 et
1069 3131 1340 3217 sanguis,
1375 3144 1441 3194 et
1467 3134 1651 3214 lenge
1682 3130 1867 3191 distat
1898 3151 1932 3192 a
1967 3127 2111 3192 vita.

780 3229 1419 3317 V11.‚Undecumqne
1466 3231 1661 3296 hostis
1698 3231 2202 3300 machinationes
2236 3251 2507 3316 astutus,
2539 3244 2732 3309 dolos

686 3349 753 3403 et
797 3335 1139 3407 maleficia.
1189 3333 1677 3422 circumspicere
1718 3351 1988 3427 oportet.
2040 3341 2293 3409 Etenim
2336 3357 2404 3411 nt
2448 3345 2735 3434 Spiritus

681 3453 940 3511 sanctus
971 3461 1085 3524 per
1118 3437 1380 3504 Paulum
1428 3468 1453 3502 ι
1489 3442 1593 3508 Fit
1620 3445 1916 3513 omnibus
1953 3450 2163 3515 omnia
2185 3500 2202 3526 ‚
2249 3464 2320 3517 ut
2350 3475 2573 3517 omnes
2604 3459 2739 3524 sal-

685 3573 711 3606 »
730 3564 836 3607 vos
867 3539 1082 3634 saciatt‘s
1114 3564 1177 3607 :n
1208 3544 1297 3609 sic
1319 3560 1384 3612 et
1401 3547 1645 3637 spiritui
1664 3555 1830 3619 malo
1856 3554 1917 3619 in
1939 3557 2147 3622 studio
2165 3568 2278 3631 est,
2305 3555 2512 3619 omnia
2539 3556 2733 3640 fier-i,

686 3656 756 3710 ut
789 3666 1008 3712 omnes
1043 3647 1114 3715 in
1138 3649 1464 3719 interitum
1493 3659 1823 3745 propellat.
1866 3659 2085 3748 Itaque
2120 3663 2169 3728 is
2210 3683 2353 3727 cum
2378 3663 2735 3735 orantibus

679 3750 876 3817 simul
904 3776 1088 3822 orare
1109 3755 1386 3839 simulat,
1420 3760 1487 3825 id
1509 3775 1822 3850 spectans,
1847 3778 1921 3834 ut
1943 3790 2022 3832 ex
2038 3768 2172 3857 ipsa
2194 3790 2304 3832 ora
2315 3767 2482 3833 tione
2504 3780 2732 3837 sumat

679 3917 688 3926 ‹
749 3901 771 3970 t
803 3907 830 3939 2
853 3890 973 3943 Gor.
1000 3901 1068 3976 ¹}-
1097 3911 1142 3947 ι.
1167 3893 1231 3934 -’
1262 3908 1284 3934 ·
1311 3893 1455 3950 va.
1486 3911 1554 3957 w.
1585 3899 1664 3952 23.
1699 3928 1762 3941 -
1788 3903 1817 3940 ⁸
1841 3901 1958 3971 Sap.
1987 3918 2025 3962 ι,
2049 3902 2099 3953 5.
2124 3928 2187 3942 --
2212 3905 2233 3944 ⁴
2267 3903 2421 3972 Apoe.
2449 3919 2552 3963 xlv,
2573 3902 2620 3963 4·
2653 3932 2727 3948 -

688 3975 710 4012 ὅ
743 3989 760 4032 ι
792 3974 906 4027 Cor.
931 3990 1004 4038 ις,
1034 3992 1111 4032 n.
