2982 4885
960 590 1197 638 assum
1251 590 1331 635 An
1376 585 1728 635 nouenos.
2233 576 2357 653 44¹

315 704 327 711 ’
414 708 584 776 XIV.
637 709 738 777 Ad
767 707 990 775 horam
1013 732 1166 773 vero
1197 704 1526 780 orationis,
1561 705 1713 770 dato
1736 705 1952 794 signo,
1987 728 2117 779 non
2150 709 2364 779 statim

323 814 749 905 praetermisso
787 815 963 880 omni
1000 837 1191 902 opere
1226 810 1399 900 quod
1433 809 1560 898 agit
1587 858 1606 883 ,
1651 810 1909 898 paratus
1944 812 2169 890 suerit,
2202 816 2368 882 foras

314 923 721 995 excludatur,
743 933 817 987 ut
838 921 1174 986 erubescat
1187 945 1206 996 ς
1235 919 1384 1008 quia
1404 914 1568 983 nihil
1586 914 1854 980 orationi
1871 912 2368 1009 praeponendum

325 1037 441 1091 cst.
510 1092 517 1105 ,

413 1129 556 1198 XV.
613 1131 889 1220 Operam
929 1131 1067 1212 Deo
1109 1129 1354 1197 dabunt
1397 1126 1626 1217 singuli
1658 1126 1882 1194 fratres
1923 1137 2209 1218 tempore
2242 1153 2371 1220 quo

310 1233 525 1302 Missae
556 1237 620 1301 in
652 1238 878 1326 vigiliis
909 1236 1320 1304 observandis
1352 1234 1555 1310 fiunt,
1595 1235 1851 1323 quando
1883 1256 2105 1301 omnes
2138 1258 2375 1303 conve-

314 1342 546 1417 niunt,
594 1366 676 1407 ne
720 1342 1041 1409 deficiant.
1099 1343 1508 1430 Quicumque
1545 1332 1853 1429 'gravatur
1896 1362 2160 1418 somno,
2198 1353 2381 1407 exeat

328 1447 494 1513 foras
521 1470 539 1512 t
568 1471 696 1512 non
734 1473 800 1514 se
827 1448 1053 1514 sabulis
1087 1436 1399 1538 occupet,
1436 1448 1548 1512 sed
1583 1445 1798 1511 statim
1830 1446 2049 1511 redeat
2077 1448 2158 1513 ad
2188 1470 2422 1534 opus,-

330 1573 458 1640 quo
490 1552 884 1618 convenitur.
926 1552 1000 1617 ln
1035 1553 1524 1642 congregatione
1554 1562 1770 1618 autem
1800 1551 1935 1638 ipsa
1970 1550 2084 1614 ubi
2121 1551 2376 1637 legitur,

332 1678 513 1720 aures
530 1679 781 1745 semper
799 1659 879 1722 ad
896 1656 1254 1746 Scripturas
1271 1658 1571 1733 habeant,
1594 1670 1660 1723 et
1672 1654 1997 1723 silentium
2014 1655 2371 1720 observent.

419 1759 591 1827 XVI.
645 1761 788 1827 Hoc
824 1762 1013 1827 etiam
1052 1762 1512 1828 attendendum
1552 1762 1706 1836 fuit,
1742 1774 1815 1826 ut
1861 1759 2083 1835 frater,
2125 1756 2236 1847 qui
2265 1782 2382 1847 pro

331 1863 612 1953 qualibet
634 1867 819 1955 culpa
845 1868 1130 1955 arguitur
1166 1869 1265 1932 vel
1297 1867 1690 1956 increpatur,
1719 1865 2094 1956 patientiam
2125 1864 2382 1939 habeat,

310 1978 391 2034 'et
418 1992 543 2035 non
564 1975 964 2060 respondeat
1000 1973 1288 2063 arguenti
1329 1996 1395 2036 se
1416 1998 1435 2047 ;
1474 1973 1585 2038 sed
1629 1971 1926 2038 humiliet
1959 1993 2030 2035 se
2068 1968 2134 2034 in
2168 1967 2383 2035 omni-

331 2076 451 2141 bus
492 2077 844 2143 secundum
888 2092 1280 2169 praeceptum
1311 2079 1571 2145 Domini
1615 2077 1935 2144 dicentis·
1959 2103 1984 2137 ι
2011 2075 2179 2156 Quia
2213 2075 2386 2142 Deus

333 2180 724 2248 »humilibus
766 2186 873 2248 dat
905 2185 1206 2271 gratiam,
1257 2184 1549 2272 superbis
1596 2195 1812 2249 autem
1855 2180 2155 2247 resistit¹.
2188 2208 2215 2241 ι
2259 2178 2382 2256 Et,

350 2311 379 2344 ι
409 2285 536 2362 Qui
561 2307 628 2349 se
659 2285 990 2359 humiliat,
1025 2285 1451 2351 exaltabitur²
1459 2334 1475 2352 .
1511 2313 1538 2346 ι
1583 2310 1598 2323 ··

423 2386 626 2455 XVII.
674 2388 802 2468 Qui
850 2410 1000 2456 vero
1047 2390 1274 2478 saepius
1313 2388 1695 2477 corripitur,
1736 2401 1804 2455 et
1831 2409 1964 2454 non
1996 2409 2064 2454 se
2094 2389 2390 2456 emenda-

336 2491 540 2566 verit,
574 2492 954 2557 novissimus
986 2492 1050 2557 in
1082 2493 1306 2559 ordine
1340 2505 1507 2558 stare
1536 2492 1857 2581 jubeatur.
1898 2490 2026 2573 Qui
2062 2491 2114 2557 si
2147 2513 2267 2557 nec
2297 2492 2389 2558 sic

338 2596 595 2683 quidem
617 2619 683 2660 sc
700 2598 1155 2673 emendaverit,
1178 2610 1515 2663 extraneus
1541 2597 1871 2682 habeatur,
1900 2595 2065 2661 sicut
2082 2594 2396 2662 Dominus

306 2691 309 2696 ⁴
342 2700 496 2788 dixit
531 2723 595 2763 t«
631 2701 725 2766 Sit
758 2701 873 2768 tibi
906 2702 1065 2768 sicut
1099 2703 1392 2770 ethnicus
1415 2715 1478 2770 et
1517 2702 1897 2796 publicanus
1923 2700 1973 2768 ⁸.
2013 2729 2040 2763 ι

432 2804 665 2874 XVIII.
721 2808 821 2875 Ad
865 2832 1147 2875 mensam
1183 2823 1395 2876 autem
1429 2809 1788 2900 specialiter
1821 2809 2041 2877 'nullus
2066 2808 2390 2899 loquatur,

308 2911 461 3010 ‘nisi
484 2913 600 2999 qui
632 2927 891 3001 praecst,
937 2917 1035 2981 vel
1064 2916 1170 3003 qui
1205 2916 1628 3006 interrogatus
1663 2914 1875 2980 suerit.

306 3029 315 3034 ’
429 3017 607 3085 XIX.
665 3019 888 3086 Nullus
929 3045 994 3086 se
1033 3017 1095 3087 in
1136 3045 1244 3087 sua
1268 3022 1542 3111 peritia,
1581 3043 1790 3109 neque
1831 3020 1895 3086 iu
1927 3042 2085 3087 voce
2121 3020 2388 3097 exaltet,

345 3124 452 3186 sed
485 3146 597 3208 per
625 3122 1045 3192 humilitatem
1081 3139 1144 3192 et
1174 3126 1610 3204 obedientiam
1645 3125 1935 3192 laetetur
1916 3147 1981 3190 m
2013 3124 2313 3192 Domino.

433 3224 583 3292 XX.
636 3229 1208 3328 «Hospitalitatem
1263 3230 1634 3298 sectantes·
1669 3258 1695 3293 ι
1743 3253 1860 3320 per
1887 3229 2140 3303 omnia,
2195 3241 2261 3294 et
2310 3252 2392 3296 ne

245 3350 249 3353 ’
348 3344 588 3396 avertas
621 3335 911 3408 oculum,
947 3346 1056 3399 aut
1089 3334 1341 3400 inanem
1377 3337 1659 3402 dimittas
1690 3354 2080 3424 pauperem3
2115 3352 2197 3394 ne
2233 3329 2397 3400 forte

308 3451 315 3462 ·
346 3435 705 3501 Dominus
690 3459 751 3499 in
783 3435 1034 3522 hospite
1066 3440 1219 3501 aut
1203 3463 1265 3501 ir.
1304 3462 1584 3526 paupere
1612 3442 1693 3504 ad
1732 3452 1794 3504 te
1821 3435 2070 3509 veniat,
2104 3445 2171 3499 et
2189 3434 2401 3503 videat

346 3552 410 3604 te
453 3540 848 3604 haesitantem
873 3586 888 3610 ,
938 3548 1003 3599 et
1034 3539 1520 3611 contemnaris,
1552 3545 1666 3608 sed
1697 3540 1993 3607 omnibus
2036 3537 2303 3606 hilarem
2330 3552 2396 3606 te

350 3645 612 3707 ostendo
634 3690 650 3714 ‚
686 3637 760 3705 ot*
781 3639 1053 3705 fideliter
1087 3663 1218 3730 age.

436 3742 617 3809 XXI.
648 3744 916 3808 Passus
901 3743 1197 3831 iujuriam
1224 3756 1455 3820 taceas.
1482 3743 1792 3830 Injuriam
1814 3744 2024 3811 facere
2039 3766 2168 3811 non
2190 3764 2396 3825 nosse,

351 3849 584 3950 factam
626 3869 810 3939 posse
849 3851 1136 3918 tolerare.
1177 3850 1332 3919 Non
1371 3864 1432 3918 te
1473 3851 1685 3960 inania
1734 3853 2047 3919 seducant
2095 3845 2390 3930 consilia,

424 4002 1220 4066 -Jaoob.1v,6.-·.u·uh
1253 4021 1605 4067 xmt,1a.—
1638 4005 1774 4061 ⁸111.
1805 4020 1963 4068 mu,
2000 4020 2082 4073 ¹7·
2101 4032 2166 4048 -
2201 4005 2397 4058 <Ro-

353 4103 461 4145 ιιι,
502 4086 578 4137 13.
966 4101 985 4112 “
