2982 4885
581 490 718 566 'noo
1269 519 1318 560 ς.
1339 484 1634 564 'uacum
1684 517 1952 564 AEovrrn

579 648 673 701 est
705 636 836 700 Rex
868 645 929 696 et
962 632 1170 706 Deus;
1214 635 1476 700 Satanas
1508 622 2061 720 autem⁶tyrannus
2083 646 2147 698 et
2169 606 2461 725 princeps
2494 620 2608 717 ne}

579 738 807 826 quitiae.

658 840 893 907 XXIV.
951 842 1144 921 Quod
1174 856 1496 930 superest,
1540 842 1725 921 Deus·
1755 855 1818 907 et
1854 842 2078 931 Augeli
2102 844 2242 930 ejus
2287 844 2611 911 hominem

577 943 755 1012 illum
795 948 1018 1015 volunt
1055 970 1181 1017 una
1221 971 1441 1013 secum
1482 944 1902 1014 domesticum
1947 950 2212 1033 reddere
2250 951 2313 1015 in
2359 972 2552 1039 regno
2587 972 2604 1013 τ

575 1051 799 1119 itidem
827 1053 1133 1118 ¹diabolus
1163 1065 1238 1120 et
1281 1054 1503 1143 Angeli
1536 1054 1675 1142 ejus
1707 1068 2008 1144 exoptant
2053 1079 2201 1121 eum
2246 1057 2362 1122 sibi
2393 1057 2616 1143 adjun-

577 1177 765 1245 gere,
802 1168 864 1222 et
895 1157 958 1222 in
992 1147 1136 1222 suas
1159 1171 1367 1245 partes
1405 1159 1798 1248 pertrahere.
1831 1160 2035 1226 Media
2065 1161 2254 1248 igitur
2282 1173 2377 1225 est
2406 1161 2615 1227 anima

575 1248 754 1333 interf
791 1262 948 1328 duas
986 1261 1392 1352 hypostases,
1432 1278 1621 1352 atque
1653 1279 1859 1330 utram
1893 1266 1957 1329 in
1990 1277 2234 1352 partem
2264 1277 2478 1351 postea
2516 1268 2618 1331 in-

557 1356 830 1433 *clinarit
862 1371 1150 1435 voluntas
1192 1372 1415 1435 animae
1438 1421 1457 1446 ,
1510 1371 1649 1458 ejus
1682 1369 1755 1434 sit
1801 1370 2054 1459 propria
2077 1420 2090 1443 .
2125 1371 2389 1458 ejusque
2422 1369 2612 1437 filius.

579 1470 852 1540 Perinde
888 1487 1098 1541 autem
1120 1527 1138 1553 ,
1181 1499 1253 1543 ac
1293 1477 1346 1541 si
1383 1478 1596 1544 mittat
1634 1489 1819 1565 pater-
1852 1475 2160 1563 quispiam
2197 1476 2263 1539 in
2296 1475 2623 1563 regionem

580 1579 981 1667 peregrinam
1018 1579 1222 1647 filium
1262 1605 1485 1656 suum,
1521 1582 1632 1646 uhi
1669 1592 2010 1646 occurrant
2047 1579 2106 1643 ei
2138 1580 2203 1644 in
2241 1578 2336 1644 via
2372 1579 2619 1654 bestiae,

584 1693 776 1769 atque
805 1684 1092 1749 conserat
1128 1686 1217 1750 illi
1257 1686 1600 1772 pharmaca
1633 1697 1697 1748 et
1730 1683 2045 1755 antidota3
2086 1695 2156 1745 ut
2182 1684 2232 1746 si
2254 1684 2627 1749 adoriantur

584 1808 733 1851 eum
757 1787 983 1852 belluae
1006 1801 1116 1850 aut
1139 1790 1467 1861 draconeS,
1502 1788 1714 1850 oblato
1738 1785 2081 1870 pharmaco
2107 1785 2209 1847 illa
2233 1786 2574 1853 interficiat
2601 1810 2621 1852 τ

583 1887 813 1952 eodem
857 1911 1113 1974 quoque
1156 1888 1347 1953 modo
1396 1909 1507 1953 vos
1548 1908 1803 1953 omnem
1851 1908 2116 1950 nervum
2149 1886 2503 1960 intendite.
2549 1902 2628 1953 ut

589 1989 912 2077 accipiatis
958 1992 1216 2056 coeleste
1261 1972 1715 2078 pharmacum,
1760 1990 1934 2075 quod
1968 1988 2235 2053 mederi.
2258 2002 2511 2076 potest,
2560 2002 2632 2057 et

552 2084 940 2158 ”antidotum
980 2108 1078 2161 est
1114 2095 1337 2161 animae
1367 2121 1385 2170 ;
1420 2109 1493 2160 ut
1521 2096 1660 2182 ejus
1687 2094 2005 2160 beneficio
2031 2094 2408 2159 interimatis
2430 2117 2629 2161 vene-

555 2192 739 2263 ‘num
775 2196 1135 2267 emittentes
1171 2190 1406 2267 bestias
1436 2202 1918 2266 immundorum
1952 2199 2309 2286 spirituum.
2349 2199 2491 2264 Non
2529 2214 2626 2266 est

589 2304 762 2372 enim
809 2304 991 2371 facile
1020 2330 1255 2396 purum
1291 2329 1406 2372 eor
1434 2305 1759 2394 possidere
1784 2352 1801 2379 ,
1848 2302 1967 2368 nisi
1996 2305 2198 2368 multo
2233 2326 2384 2367 cum
2420 2316 2624 2369 certa-

551 2414 556 2425 '
592 2405 765 2474 mine
805 2422 870 2476 et
917 2412 1187 2488 labore,
1235 2421 1307 2477 ut
1354 2409 1809 2476 conscientiam
1854 2420 1919 2474 et
1965 2429 2077 2474 cor
2118 2430 2352 2497 purum
2394 2407 2625 2476 habeat

547 2513 566 2586 s
593 2512 831 2592 homo,
863 2530 934 2583 ut
954 2518 1210 2608 penitus
1241 2518 1549 2583 evellatur
1579 2515 1878 2634 nequitia.

671 2618 879 2688 XXV.
935 2621 1263 2709 Contingit
1303 2620 1475 2685 enim
1519 2615 1717 2707 gratia
1758 2615 2053 2706 aliquem·
2073 2618 2411 2706 praeditum
2446 2643 2617 2697 esse,

548 2713 773 2810 'eujus
811 2735 1024 2791 tamen
1070 2746 1183 2790 cor
1231 2726 1518 2787 nondum
1557 2723 1637 2786 sit
1688 2720 2115 2812 purificatum.
2173 2723 2251 2786 Et
2288 2737 2621 2814 propterea

587 2828 957 2898 ceciderunt
980 2829 1089 2915 qui
1117 2827 1275 2916 lapsi
1307 2838 1454 2891 sunt
1485 2873 1504 2900 ,
1529 2847 1607 2906 eo
1639 2829 1811 2912 quod
1836 2849 1965 2889 non
1996 2825 2406 2893 erediderunt
2429 2878 2448 2903 ‚
2483 2841 2627 2917 post

591 2946 921 3030 ane-ceptam
972 2932 1239 3021 gratiam
1289 2931 1612 2996 adhaerere
1666 2932 1786 2995 illis
1838 2931 2087 2996 sumum
2134 2954 2208 2996 ae
2261 2946 2611 3021 peccatum.

543 3031 562 3034 i
589 3035 828 3126 Omnes
859 3059 1007 3102 vero
1046 3036 1200 3126 justi
1237 3058 1350 3125 per
1396 3044 1954 3128 angusta'matque
1985 3037 2339 3104 asslictionis
2369 3040 2624 3126 plenam

567 3125 750 3205 ‘viam
787 3164 984 3228 usque
1011 3143 1090 3207 ad
1122 3139 1316 3205 finem
1337 3141 1481 3206 ‘Deo
1513 3142 1830 3229 placuere.
1861 3141 2261 3207 Abrahamus
2285 3166 2432 3207 cum
2456 3158 2619 3211 esset

588 3245 760 3313 dives
789 3294 807 3322 ,
846 3258 987 3311 tum
1009 3246 1388 3314 secundum
1416 3245 1626 3326 Deum
1648 3295 1665 3320 ,
1699 3258 1834 3310 tum
1868 3248 2221 3312 secundum
2255 3247 2566 3314 mundum
2591 3298 2610 3325 ,

543 3411 554 3418 .
587 3379 615 3413 ι
654 3337 916 3420 Terram
952 3341 1038 3420 ae
1062 3351 1421 3448 pulverem¹
1461 3379 1487 3413 ι
1532 3353 1837 3442 seipsum
1873 3354 2242 3421 nominavit.
2283 3354 2363 3419 Et
2391 3356 2620 3433 David,

609 3482 636 3515 α
657 3456 1094 3552 Opprobrium
1119 3455 1475 3531 hominum,
1511 3456 1737 3546 inquit,
1763 3471 1826 3524 et
1851 3458 2124 3547 abjectio
2152 3460 2366 3548 plebis.
2394 3460 2473 3523 Et
2494 3483 2629 3524 ver-

537 3551 552 3558 *
584 3560 749 3632 »mis
791 3574 856 3627 et
897 3583 1026 3626 non
1035 3561 1326 3632 homo&
1368 3589 1392 3622 ³·
1439 3562 1745 3630 Similiter
1787 3587 2007 3630 omnes
2048 3564 2334 3654 Apostoli
2370 3576 2437 3628 et
2462 3565 2624 3631 Pro-

535 3647 787 3768 :Phetae
825 3669 990 3733 male
1021 3667 1222 3733 hahiti
1252 3668 1515 3734 summis
1549 3669 1992 3735 afficiebantur
2020 3668 2446 3736 contumeliis.
2484 3668 2623 3736 Do·-

581 3774 791 3848 minus
845 3774 1017 3864 ipse,
1065 3775 1174 3862 qui
1214 3775 1314 3841 via
1351 3788 1448 3842 est
1486 3789 1552 3842 et
1593 3777 1819 3852 Deus,
1876 3800 2025 3846 cum
2070 3800 2199 3844 non
2240 3789 2509 3867 propter
2553 3801 2622 3843 se

535 3857 816 3968 ‘'ipsum.
841 3880 953 3945 sed
990 3892 1248 3970 propter
1278 3893 1338 3946 te
1362 3882 1644 3960 venerit,
1670 3895 1742 3949 ut
1773 3895 1964 3973 typus
1997 3906 2072 3952 ae
2105 3883 2471 3971 exemplum
2504 3876 2622 3947 tibi

645 4016 819 4070 ’,(ἶεο.
847 4030 987 4078 nui,
1015 4033 1177 4084 27.—
1202 4015 1377 4069 ··.Psal
1404 4032 1513 4080 xxi,
1541 4034 1591 4083 7.
