2982 4885
1090 531 1346 577 nouum.
1388 535 1443 578 ι.
2160 522 2288 598 30.

249 729 924 762 ΜΜΜΜΜΜΜΜΜΜ
933 737 998 760 Μ
1005 735 1341 762 mmm
1347 737 1545 763 ΝΜ
1552 741 2290 780 ΜΜΜΜΜΜΜὩ

997 899 1407 974 HOMILIA
1461 901 1541 972 L.

258 1125 443 1194 Deus
500 1138 643 1211 est,
694 1126 826 1220 qui
862 1141 1004 1219 per
1045 1134 1333 1192 sanctos
1384 1145 1548 1191 suos
1612 1131 1682 1191 et
1730 1140 2092 1199 creaturas
2150 1127 2300 1203 edic

1097 1230 1465 1301 miracula.

342 1425 389 1494 l.
447 1429 629 1508 Qms,
665 1427 773 1514 qni
808 1426 1034 1491 clausit
1079 1439 1292 1514 portas
1327 1427 1687 1493 coelornmP
1740 1427 1926 1497 Elias.
1984 1434 2082 1499 An
2127 1433 2296 1502 Deus

257 1543 391 1596 erat
421 1533 487 1594 in
517 1548 619 1605 eo,
669 1530 777 1615 qui
809 1529 1162 1616 imperabat
1191 1530 1381 1595 etiam
1425 1531 1686 1618 pluvi-‘e¹
1711 1531 1740 1596 Ρ
1763 1529 1926 1599 Puto
1960 1559 2105 1600 eum
2125 1587 2143 1612 ,
2192 1540 2300 1625 qui

259 1642 637 1725 potestatem
663 1634 856 1724 h'abet
889 1634 952 1697 in
988 1635 1243 1707 coelum,
1290 1633 1591 1701 insedisse
1621 1635 1685 1701 in
1711 1635 1922 1704 animo
1948 1637 2136 1715 illius,
2161 1661 2304 1706 ver-

261 1742 543 1827 bumque
567 1739 683 1805 Dei
716 1761 832 1828 per
853 1739 1132 1827 linguam
1169 1737 1305 1822 ejus
1331 1739 1755 1827 prohibuisse,
1793 1763 1871 1808 ne
1897 1745 2309 1810 descenderet

259 1847 470 1938 pluvia
504 1867 695 1933 super
727 1855 980 1909 terram.
1037 1842 1276 1907 Iterum
1330 1841 1582 1910 locutus
1620 1858 1738 1922 est,
1776 1855 1840 1912 et
1877 1862 2113 1937 apertae
2162 1859 2310 1915 sunt

150 2035 153 2042 .
260 1965 456 2042 portae
490 1953 799 2015 coelorum
843 1969 914 2013 ac
969 1948 1298 2013 descendit
1360 1948 1634 2036 pluvia¹.
1693 1949 2001 2019 Similiter
2056 1971 2312 2044 quoque

259 2058 460 2123 Moses
489 2057 767 2145 ponebat
807 2055 1074 2143 virgam,
1122 2066 1188 2145 et
1222 2052 1415 2120 fiebat
1448 2075 1740 2145 serpens:
1776 2071 1839 2123 et
1888 2081 2107 2125 rursus
2139 2061 2312 2125 locu-

262 2173 362 2226 tus
385 2173 503 2237 est,
543 2173 607 2226 et
640 2160 837 2225 fiebat
874 2157 1113 2245 virga⁸.
1157 2159 1233 2222 Et
1272 2160 1518 2247 accepit
1551 2183 1583 2224 a
1620 2160 1868 2226 camino
1908 2164 2211 2248 cinerem,
2248 2173 2314 2232 et

266 2266 577 2352 dispersit,
610 2276 674 2328 et
707 2264 1229 2349 producebantur
1252 2265 1491 2337 ulcera,
1520 2276 1584 2327 et
1618 2264 1845 2329 iterum
1880 2269 2215 2353 percussit,
2250 2277 2312 2334 et

268 2367 506 2431 fiebant
535 2364 819 2452 ciniphes
837 2373 900 2426 et
928 2383 1095 2425 ranae
1115 2361 1160 2425 ⁴.
1204 2363 1368 2426 Num
1396 2365 1533 2426 haec
1559 2379 1780 2430 natura
1812 2365 2084 2432 hnmana
2107 2369 2315 2435 facero

268 2466 819 2563 potnitPLocutus
859 2478 953 2531 est
986 2465 1169 2538 mari,
1203 2478 1268 2530 et
1302 2467 1572 2530 divisum
1621 2470 1750 2533 est‘
1782 2487 1796 2534 ε
1831 2469 2054 2548 ssuvin,
2084 2484 2146 2536 et
2172 2496 2317 2538 mu-

270 2590 438 2644 tatus
482 2588 578 2642 est
622 2577 685 2640 in
719 2573 1111 2660 sanguinem.
1172 2568 1410 2636 Verum
1445 2584 1640 2661 patet,
1678 2578 1849 2660 quod
1895 2576 2166 2641 coelestis
2197 2577 2318 2642 vir-

272 2698 374 2750 tus
404 2681 781 2749 habitaverit
806 2680 870 2743 in
903 2678 1041 2765 ejus
1080 2677 1327 2753 animo,
1366 2688 1429 2742 et
1467 2701 1583 2767 per
1612 2677 1844 2746 Mosem
1878 2680 2145 2746 ediderit
2180 2682 2319 2748 haeo

273 2792 475 2880 signa.
1663 2806 1666 2807 ’

367 2897 443 2961 ll.
497 2894 700 3001 David
732 2912 860 2980 quo
892 2903 1082 2981 pacto
1107 2891 1314 2978 potuit
1338 2890 1576 2978 absque
1600 2890 1790 2955 armis
1819 2889 1878 2955 in
1907 2888 2144 2958 bellum
2165 2910 2324 2959 cen-

273 3004 453 3093 gredi
488 3023 635 3067 cum
674 3001 778 3064 tali
803 2996 1099 3087 gigante?
1123 2997 1201 3061 Et
1226 3019 1372 3061 cum
1402 2996 1746 3084 projiceret
1777 2996 2050 3085 lapidem
2083 2996 2145 3062 in
2173 2996 2324 3065 alie—-

275 3111 568 3197 nigenam
608 3128 720 3172 sna
753 3128 944 3170 manu
976 3103 1212 3180 David,
1249 3122 1475 3167 manus
1517 3102 1632 3167 Dei
1672 3101 1982 3190 dirigebat
2021 3104 2320 3193 lapidem,

278 3217 407 3302 ipsa
428 3232 681 3301 qnoque
697 3210 893 3276 virtus
908 3210 1113 3274 divina
1132 3209 1449 3274 interfecit
1465 3210 1667 3283 illum,
1691 3228 1917 3297 parans
1937 3206 2314 3275 victorimu‘.

276 3320 415 3386 Non
449 3320 620 3385 enim
655 3318 853 3383 David
884 3317 1007 3381 hoc
1040 3327 1310 3403 poterat,
1354 3315 1625 3401 quierat
1656 3314 1993 3379 imbecillis
2026 3330 2315 3400 corpore.

276 3425 485 3499 Jesus,
512 3424 678 3489 lilius
709 3422 900 3495 Nave,
925 3440 1072 3483 cum
1095 3422 1365 3484 venisset
1385 3420 1668 3494 Jericho,
1703 3418 1866 3483 sedit
1893 3428 2135 3503 septem
2163 3417 2322 3494 dies,
2394 3418 2400 3424 ’
2457 3472 2472 3479 -

280 3529 436 3595 nibil
467 3530 719 3593 efficere
753 3525 965 3588 valens
999 3542 1107 3584 sua
1136 3522 1333 3605 ipsius
1364 3531 1589 3583 natura
1620 3536 1637 3584 ὲ
1673 3534 1735 3586 at
1769 3520 1875 3585 ubi
1901 3519 2085 3604 jussit
2107 3521 2274 3587 Dens
2299 3574 2315 3598 ,

281 3634 447 3696 muri
491 3652 601 3695 sna
645 3639 870 3717 sponte
909 3618 1351 3689 corruerunt⁷.
1412 3619 1490 3681 Et
1534 3640 1681 3684 cum
1716 3623 2156 3706 ingrederetur
2202 3626 2334 3688 ter:

281 3750 419 3799 ram
452 3730 907 3821 promissionis,
940 3726 1102 3791 dicit
1133 3725 1189 3789 ei
1220 3721 1572 3789 Dominusz
1623 3746 1648 3781 ι
1669 3723 2080 3789 Proficiscere
2103 3725 2165 3790 in
2200 3726 2334 3795 bel-

357 3886 369 3909 ·
422 3887 436 3919 ι
473 3868 595 3933 neg.
634 3884 758 3926 xvn,
807 3882 849 3913 ι.
886 3891 943 3901 -
990 3876 1009 3899 ·
1056 3858 1134 3911 ld.
1182 3870 1340 3915 xviii.
1388 3856 1494 3919 64,
1536 3856 1615 3913 65.
1655 3821 1716 3898 -ι-
1752 3858 1774 3897 3
1811 3854 1968 3911 Exod.
2013 3878 2116 3923 vn,
2161 3872 2235 3915 io.
2269 3893 2330 3905 —

285 3959 309 3998 4
345 3953 426 4009 ld.
466 3967 585 4014 vm,
633 3965 718 4028 17ι
750 3974 813 3986 -
857 3948 878 3983 ⁸
920 3945 994 3997 td.
1026 3962 1128 4006 xiv,
1171 3945 1228 3995 ιδ
1266 3952 1315 3995 et
1356 3959 1435 4005 qa.
1462 3968 1518 3984 -—
1540 3945 1564 3979 ⁶
1595 3958 1611 3991 ι
1644 3943 1770 4008 Bag,
1791 3959 1915 4005 xvu,
1935 3944 2100 4009 ⁴9···⁴
2122 3956 2142 3995 ι
2163 3948 2329 4003 ιφῃρ,

285 4045 333 4084 vn
367 4068 384 4094 ‚
427 4050 505 4084 20.
