2982 4885
1056 514 1315 566 *nonnuli
1362 514 1526 563 xx1x.
2192 490 2318 568 223

273 630 508 714 Deum,
531 666 556 700 «
571 638 650 703 Et
668 639 1161 728 obsignaverunt
1181 688 1200 715 ,
1219 640 1394 725 quod
1415 657 1603 705 verax
1617 635 1726 700 εἰτ’
1741 685 1758 711 ,
1776 663 1800 695 ι
1820 648 1889 701 ut
1903 658 2087 702 verus
2109 658 2320 703 sermo

275 744 587 833 perhibet.
614 732 1094 835 Consequenter
1122 742 1312 831 igitur
1344 742 1521 829 juxta
1553 741 1918 829 praedictam
1963 741 2113 808 fidei
2158 744 2319 809 noti·

277 846 429 914 tiam
454 849 807 936 dijudicant
833 873 899 914 se
922 849 1110 937 ipsaS,
1131 872 1402 936 quarum
1425 869 1642 913 rerum
1673 847 1948 934 inopiam
1973 850 2318 936 patiantur,

279 967 585 1074 qguantum
613 965 904 1042 possunt,
962 955 1090 1020 sive
1116 956 1360 1029 labore,
1397 954 1527 1018 sive
1547 952 1916 1026 certamine,
1935 955 2063 1020 sive
2089 957 2319 1032 studio,

279 1060 406 1127 sive
431 1059 592 1141 fide,
621 1061 750 1125 sive
768 1061 1143 1138 dilectione,
1164 1062 1291 1126 sive
1323 1061 1568 1148 reliqua
1587 1060 1899 1124 virtutum
1927 1060 2102 1125 acie.
2130 1070 2192 1124 et
2216 1060 2326 1125 ubi

281 1188 348 1231 se
378 1166 802 1232 examinarint
839 1167 1101 1232 omnino
1128 1179 1422 1231 accurate
1445 1178 1510 1232 et
1533 1163 1873 1239 subtiliter,
1910 1166 2326 1252 compellunt,

280 1293 444 1371 pro
409 1254 670 1346 viribus,
702 1284 888 1360 atque
911 1272 1172 1361 adigunt
1203 1296 1271 1338 se
1308 1272 1473 1360 ipsas
1509 1273 1591 1334 ad
1611 1270 1777 1334 bene
1797 1271 2179 1356 placendum
2199 1272 2331 1335 Do-

281 1376 496 1452 min03
526 1378 761 1465 quippe
784 1399 923 1464 quae
957 1380 1157 1443 semel
1185 1378 1603 1443 crediderunt
1621 1374 1853 1448 Deum,
1875 1375 1982 1460 qui
2004 1397 2193 1441 verax
2208 1387 2328 1451 est,

287 1501 416 1543 non
460 1481 861 1571 privaturum
893 1503 999 1545 eas
1037 1483 1205 1546 dono
1231 1481 1528 1566 Spiritus,
1563 1480 1616 1545 si
1643 1479 2104 1566 permanserint
2137 1501 2334 1564 usque
2436 1566 2447 1575 ⁸

290 1566 373 1646 ad
401 1580 648 1645 finem
631 1605 697 1646 ιιι
728 1584 906 1647 cultu
926 1595 1113 1669 atque
1147 1584 1583 1670 expectatione
1605 1606 1755 1648 cum
1781 1583 1956 1648 omni
1987 1583 2331 1669 diligentia,

290 1690 406 1753 sed
454 1688 674 1776 dignas
727 1711 794 1752 se
842 1701 1210 1777 reputatum
1249 1689 1325 1754 iri
1364 1691 1603 1755 coelesti
1647 1691 1867 1777 gratia,
1905 1701 1978 1754 ut
2021 1688 2231 1754 adhuc
2274 1689 2339 1754 in

291 1818 486 1862 carne
511 1794 872 1868 existentes,
905 1806 1094 1881 atque
1126 1796 1315 1859 vitam
1345 1810 1655 1861 aeternam
1683 1807 2153 1861 consecuturas.

381 1900 452 1966 V.
488 1899 697 1987 Atque
714 1900 836 1964 hoc
868 1912 1058 1988 pacto
1093 1911 1265 1965 mota
1296 1896 1470 1964 omni
1504 1900 1844 1965 dilectione
1878 1923 1990 1965 sua
2021 1902 2100 1965 ad
2126 1899 2339 1965 Domi-

291 2028 473 2082 num,
491 1989 960 2094 repudiatisque
977 2005 1298 2081 omnibus,
1324 2027 1472 2073 eum
1495 2008 1700 2083 solum
1721 2018 1973 2075 summo
1997 2005 2335 2082 desiderio,

295 2112 499 2177 esurie
523 2124 588 2177 et
619 2112 717 2177 siti
746 2122 1083 2199 expectant
1101 2137 1120 2187 3
1154 2123 1218 2177 et
1242 2112 1704 2177 recreationem
1740 2124 1804 2178 et
1835 2113 2338 2179 consolationem

293 2218 509 2309 gratiae
527 2229 836 2304 perpetuo
856 2206 1310 2307 proestolantos,
1351 2218 1414 2280 in
1430 2219 1605 2282 nulla
1628 2239 1696 2281 ro
1720 2216 1913 2304 hujus
1929 2218 2152 2281 mundi
2178 2239 2338 2280 con-

301 2322 675 2388 solationem
713 2320 1034 2406 accipiunt
1067 2330 1133 2381 et
1161 2319 1593 2403 requiescunt,
1630 2342 1703 2383 ac
1735 2323 1903 2383 ultro
1934 2321 2138 2405 ligatae
2164 2332 2340 2393 sunt:

303 2414 418 2493 sed
464 2421 688 2489 crassis
735 2444 986 2508 semper
1047 2420 1538 2507 cogitationibus
1587 2421 2126 2496 contradicentes,
2181 2422 2348 2487 auxi-

301 2533 461 2599 lium
505 2513 694 2628 atque
734 2524 1318 2591 remunerationem
1350 2524 1468 2589 Dei
1507 2535 1756 2590 tantum
1786 2535 2157 2622 expectant,
2202 2545 2350 2596 cum

285 2619 680 2742 ¹hujusmodi
702 2631 937 2707 studio,
974 2629 1328 2720 intentio&
1372 2651 1445 2696 ae
1475 2628 1780 2717 patientia
1815 2629 2096 2717 praeditis
2126 2629 2351 2698 animis

308 2741 442 2844 ipse
470 2725 834 2834 Dominus
813 2758 943 2825 Jam
976 2738 1226 2802 occulte
1251 2736 1438 2818 adsit,
1464 2735 1786 2822 suppetias
1808 2734 1992 2810 serat,
2024 2749 2355 2802 conservet

308 2858 376 2911 et
405 2841 725 2910 suss'ulciat
747 2864 1004 2908 omnem
1032 2840 1280 2908 virtutis
1304 2841 1631 2906 fructum:
1661 2862 1734 2905 ac
1765 2838 1963 2907 licet
1945 2863 2012 2906 m
2038 2840 2254 2906 labore
2287 2854 2354 2907 et

312 2933 654 3015 afflictione
693 2946 842 3022 sint,
876 2960 943 3014 et
981 2948 1045 3042 in
1084 2947 1448 3048 cognitione
1484 2945 1767 3014 veritatis
1816 2958 1881 3011 et
1934 2946 2354 3018 illustratione

314 3053 563 3128 animae,
598 3037 886 3152 nondum
921 3035 1132 3126 tamen
1173 3063 1534 3147 consecutae
1576 3062 1728 3132 sunt
1756 3050 2026 3138 gratiam
2058 3050 2351 3140 Spiritus,

316 3181 390 3222 ac
409 3141 868 3224 recreationem
903 3131 1176 3238 coelestis
1193 3139 1369 3236 doni,
1405 3157 1611 3224 necin
1627 3158 1813 3247 plena
1851 3154 1980 3236 fide
1996 3158 2358 3226 constitutae

315 3274 742 3360 perceperunt
787 3285 966 3341 eam,
1017 3277 1280 3363 propter
1325 3285 1624 3330 arcanam
1668 3262 2080 3353 sapientiam,
2125 3273 2189 3330 et
2236 3262 2365 3326 ine-

318 3367 651 3433 narrabilia
699 3365 935 3455 judicia
983 3367 1126 3444 Dei,
1175 3369 1284 3464 qui
1337 3369 1527 3434 variis
1581 3367 1789 3433 modis
1848 3366 2068 3430 fideles
2127 3362 2364 3432 animas

322 3474 573 3560 probat,
589 3484 655 3538 et
679 3473 1086 3540 dilectionem
1111 3496 1188 3536 ex
1211 3457 1535 3537 voluntate
1558 3483 1623 3536 et
1647 3469 1971 3559 proposito
1997 3480 2364 3536 manantem

329 3575 626 3643 intuetur.
660 3567 941 3645 Termini
969 3578 1139 3674 enim
1164 3559 1425 3662 quidam
1451 3581 1622 3647 suns,
1651 3593 1966 3638 mensurae
1993 3593 2065 3635 ac
2089 3574 2365 3650 trutinae,

331 3676 548 3741 Iiberae
592 3675 984 3760 intentionis,
1031 3694 1096 3747 et
1139 3678 1513 3747 voluntariae
1546 3676 1928 3752 dilectionis,
1966 3685 2158 3760 atque
2191 3675 2374 3742 affec-

332 3780 522 3848 tionis
568 3804 716 3868 erga
765 3785 977 3847 omnia
1018 3798 1233 3850 sancta
1278 3785 1417 3874 ejus
1455 3783 1790 3858 mandata,
1839 3791 2149 3866 quantum
2194 3779 2366 3848 licet.

277 3879 283 3884 ⁴
335 3886 483 3967 Quo
514 3883 611 3961 fit,
656 3895 732 3948 ut
764 3886 986 3952 animae
1006 3934 1025 3964 ‚
1062 3910 1201 3977 quae
1236 3890 1501 3980 implent
1535 3888 1765 3982 amoris
1803 3898 1989 3975 atque
2040 3884 2230 3954 officii
2272 3884 2371 3957 sui

427 4021 442 4047 ¹
463 4023 612 4078 Joan.
636 4038 718 4085 m,
745 4021 829 4072 33.
