2982 4885
1128 588 1384 634 nemus
1434 590 1514 634 xv·
2247 580 2328 656 41

298 703 800 792 propterduram
821 701 1072 769 virtutis
1105 707 1650 782 exercitationem,
1675 709 1872 798 magis
1897 716 2046 776 vei-o
2078 726 2340 802 propter
2421 752 2432 757 ι

232 886 239 897 ὓ
299 808 760 896 suggestionem
805 829 877 873 ac
927 810 1262 877 consilium
1309 813 1645 880 adversarii
1682 840 1702 889 ς
1742 816 2156 883 nihilominus
2203 819 2338 907 ipso

226 958 233 961 Δ
299 936 538 980 summa
573 907 1128 981 commiseratione
1146 930 1358 983 motus
1388 919 1517 985 leni
1551 930 1614 983 et
1650 920 1915 1013 patienti
1954 922 2164 987 animo
2197 935 2333 1000 est,

298 1034 633 1110 expectans
655 1033 937 1087 nostram
968 1023 1473 1102 conversionem,
1517 1038 1705 1113 atque
1737 1041 2075 1116 peccantes
2105 1052 2226 1096 nos
2244 1042 2340 1095 to·-

297 1130 494 1203 lerat,
545 1148 627 1197 ac,
656 1140 936 1193 nostram
979 1129 1414 1216 poenitentiam
1462 1131 1816 1209 desiderat„
1867 1145 1929 1197 et
1969 1136 2175 1221 lapsos
2215 1159 2338 1202 nos

296 1235 578 1323 recipere
606 1256 734 1298 non
759 1235 1099 1310 erubescit,
1130 1248 1202 1300 ut
1220 1236 1375 1302 dixit
1410 1236 1727 1325 Propheta
1754 1259 1770 1301 τ
1814 1265 1839 1298 ι
1863 1236 2189 1326 Numquid
2226 1241 2335 1327 qui
2419 1272 2424 1279 ·

292 1367 318 1400 ι
339 1339 534 1414 cadit,
559 1363 687 1405 non
712 1341 1007 1429 resurgit,
1037 1353 1144 1406 aut
1166 1342 1276 1429 qui
1303 1366 1556 1408 aversus
1572 1356 1691 1419 est,
1710 1366 1839 1408 non
1857 1346 2224 1410 revertitur¹
2252 1348 2322 1411 Ρ»

222 1478 227 1479 ff
293 1449 483 1511 modo
523 1470 637 1512 nos
678 1448 848 1512 bono
893 1451 1085 1513 corde
1114 1448 1407 1537 praediti,
1441 1449 1509 1512 in
1541 1448 1882 1514 sobrietate
1915 1452 2234 1526 vivamus,
2274 1466 2343 1521 et

297 1550 509 1613 statim
530 1572 602 1613 ac
615 1572 762 1613 vere
787 1550 1123 1635 implorato
1142 1552 1281 1635 ejus
1308 1550 1538 1617 auxilio
1571 1565 2022 1615 convertamur
2042 1577 2056 1616 z
2087 1578 2344 1643 promp-

299 1654 576 1719 tissimus
615 1674 765 1717 vero
804 1664 901 1717 est
935 1653 1066 1741 ipse
1105 1652 1187 1718 ad
1226 1665 1507 1718 nostram
1540 1656 1829 1721 salutem.
1884 1655 2131 1746 Excipit
2168 1660 2339 1726 enim

297 1760 604 1826 benevole
632 1757 981 1822 ferventem
1021 1759 1361 1824 voluntatis
1394 1770 1626 1823 nostrae
1665 1761 1743 1824 ad
1774 1759 1952 1825 illum
1972 1810 1992 1839 ,
2029 1776 2339 1850 quantum

296 1866 357 1929 in
412 1865 642 1931 nostris
690 1863 927 1928 viribus
987 1877 1082 1929 est
1109 1913 1128 1940 ,
1185 1865 1496 1953 impetum
1535 1913 1552 1939 ,
1607 1877 1671 1929 et
1727 1864 1964 1931 bonam
2013 1865 2205 1933 fidem
2263 1893 2339 1935 ac

293 1969 858 2062 promptitudinem
893 1993 972 2034 ex
1009 1973 1335 2036 voluntate
1375 1982 1592 2035 nostra
1627 1984 2040 2037 manantem:
2078 1994 2339 2053 correc-

244 2156 248 2159 Α
294 2079 530 2144 tionem
571 2100 720 2143 vero
768 2099 1026 2142 omnem
1066 2075 1198 2167 ipse
1238 2078 1300 2142 in
1346 2077 1529 2143 nobis
1568 2090 1888 2168 operatur.
1953 2080 2337 2147 Industriam

292 2185 481 2274 igitur
515 2184 952 2258 adhibeamus,
985 2205 1024 2247 o
1058 2183 1301 2259 dilecti,
1344 2196 1646 2270 tanquam
1666 2182 1776 2250 filii
1808 2183 1953 2260 Dei,
1980 2196 2050 2249 ut
2074 2208 2334 2253 omnem

292 2292 803 2377 occupationem,
825 2288 1276 2375 negligentiam
1301 2311 1373 2353 ac
1397 2288 1716 2375 pigritiam
1741 2302 2069 2365 exuentes,
2096 2292 2335 2356 alacres

296 2419 368 2462 ac
399 2393 677 2485 prompti
711 2392 936 2456 fiamus
959 2394 1039 2455 ad
1067 2414 1215 2455 eum
1248 2395 1644 2477 sequendum
1669 2418 1687 2467 ;
1722 2416 1803 2457 ne
1828 2397 1908 2458 de
1943 2395 2045 2460 die
2077 2394 2141 2460 in
2167 2396 2336 2462 diem

293 2523 430 2564 rem
468 2496 835 2561 differamus
855 2542 872 2567 ,
896 2516 967 2557 ac
987 2515 1021 2556 a
1039 2493 1276 2558 malitia
1303 2494 1782 2581 praeveniamur.
1813 2495 2142 2560 Nescimus
2166 2500 2338 2563 enim

295 2629 417 2692 qua
465 2604 622 2668 hora
664 2601 865 2666 exitus
897 2623 932 2664 e
966 2623 1155 2666 carne
1194 2601 1273 2668 sit
1305 2600 1576 2666 futurus.
1619 2600 1857 2690 Magnae
1889 2599 2060 2667 enim
2099 2615 2245 2668 sunt
2276 2615 2342 2669 et

296 2710 644 2777 ineffabiles
677 2708 1044 2774 Christianis
1079 2708 1258 2773 sactae
1289 2708 1774 2797 promissiones,
1818 2708 1880 2772 in
1912 2721 2160 2775 tantum
2195 2712 2341 2799 qui-

293 2820 473 2890 dem,
508 2827 580 2879 ut
617 2837 766 2882 cum
800 2814 987 2880 unius
1025 2813 1247 2878 animm
1280 2812 1406 2878 fide
1439 2835 1512 2877 ac
1537 2811 1768 2879 divitiis
1799 2814 2039 2878 nullam
2075 2815 2336 2880 omnino

290 2924 767 3015 proportionem
804 2921 1036 2988 habeat
1072 2921 1277 2986 omnis
1306 2920 1506 3009 gloria
1545 2930 1611 2985 et
1640 2919 2056 3009 pulchritudo
2094 2921 2238 2986 coeli
2270 2934 2334 2990 et

289 3046 470 3097 terra:
503 3042 567 3095 et
600 3029 880 3115 reliquus
912 3038 1173 3093 ornatus
1204 3037 1268 3091 et
1309 3025 1611 3102 varietas,
1645 3040 1714 3091 et
1742 3025 2011 3102 divitiae,
2045 3038 2111 3092 et
2142 3027 2338 3092 decor

291 3162 363 3205 ac
389 3135 638 3202 deliciae
656 3133 1121 3223 spectabilium.

376 3243 608 3311 XVIII.
663 3242 792 3320 Qut
838 3238 911 3304 fit
947 3261 1097 3328 ergo
1130 3290 1147 3315 ,
1193 3239 1366 3326 quod
1408 3236 1599 3304 tantis
1645 3234 2230 3313 exhortationibus,
2272 3250 2338 3306 et

288 3346 810 3439 promissionibus
829 3345 1107 3433 impulsi,
1130 3345 1244 3410 toti
1267 3343 1529 3409 omnino
1548 3365 1696 3408 eum
1725 3343 1922 3416 adire,
1943 3355 2007 3408 et
2025 3365 2141 3407 nos
2165 3356 2335 3410 totos

290 3456 347 3521 ci
364 3456 598 3520 dedere
621 3453 944 3541 abnegatis
968 3453 1323 3516 secundum
1345 3448 1755 3537 Evangelium
1782 3470 1928 3512 cum
1955 3447 2249 3514 omuibus
2273 3464 2339 3517 et

291 3564 497 3629 anima
530 3570 767 3639 nostra,
792 3579 1067 3644 eumque
1100 3558 1304 3621 solum
1331 3577 1544 3618 amore
1568 3553 1864 3642 prosequi
1895 3564 1961 3617 et
1990 3553 2148 3618 nihil
2167 3554 2337 3620 aliud

294 3690 442 3732 cum
480 3691 554 3732 eo
578 3716 595 3741 ,
631 3661 1020 3732 renuamus?
1053 3662 1181 3728 Sed
1217 3683 1371 3725 ecce
1402 3660 1537 3724 haec
1565 3659 1774 3728 omnia
1809 3672 1871 3724 et
1903 3672 2134 3746 quanta
2175 3683 2340 3748 prm-

293 3785 469 3839 terea
503 3772 695 3856 gloria
726 3773 870 3836 data
903 3782 1000 3834 est
1029 3769 1057 3832 Ρ
1084 3778 1241 3855 quot
1274 3745 1716 3853 dispositiones
1742 3788 1774 3828 a
1805 3765 2065 3830 Patrum
2096 3775 2159 3829 et
2182 3766 2342 3828 Pro-

290 3878 633 3970 phetarum
688 3875 1078 3964 temporibus
1135 3872 1316 3938 sactae
1363 3881 1509 3936 sunt
1536 3867 1565 3932 P
1620 3881 1776 3957 quot
1833 3867 2284 3957 promissiones
2311 3868 2340 3932 P

292 3998 357 4051 et
380 3994 540 4075 quot
570 3979 1083 4046 exhortationes?
1105 3992 1341 4069 quanta
1369 3973 1807 4045 misericordia
1833 3968 2091 4042 Domini
2125 3972 2190 4039 in
2224 3995 2343 4039 uos

365 4137 380 4162 ¹
410 4123 601 4177 Jerem.
624 4133 739 4180 vm,
762 4115 813 4177 4·
