2982 4885
682 467 819 544 604
1479 483 1530 525 s.
1586 478 1936 525 nassa-nn

684 599 1137 670 conturbatur-¹
1173 622 1190 665 ε
1222 610 1289 667 et
1316 620 1488 664 nune
1518 596 1844 664 historiam
1867 617 2185 682 quaerens,
2216 619 2393 666 nunc
2414 606 2725 673 rationem

682 706 1178 776 intellectibilem
1207 715 1638 794 perscrutans,
1674 701 1920 768 diversa
1952 702 2373 791 ambiguitate
2395 707 2723 799 fatigatur,

683 834 831 877 cum
852 822 918 876 et
947 812 1300 876 secundum
1323 809 1599 876 litteram
1635 829 1769 872 non
1787 828 1982 897 parva
2006 806 2090 873 sit
2112 808 2378 888 utilitas,
2410 826 2477 879 et
2505 838 2727 882 secun·

682 918 839 983 dum
898 914 1396 983 intellectibilem
1467 912 1779 978 rationem
1840 911 2075 978 Christi
2141 929 2399 982 resonet
2457 921 2721 986 eoeleslis

681 1021 944 1089 scientia
982 1046 999 1084 ε
1035 1022 1388 1087 secundum
1438 1020 1717 1087 litteram
1744 1018 1917 1084 enim
1963 1018 2244 1107 primum
2263 1071 2282 1098 ,
2320 1027 2495 1112 quod
2520 1027 2717 1093 Deum

686 1126 1062 1194 invisibilem
1099 1126 1428 1215 Scriptura
1451 1125 1776 1200 docendo,
1820 1125 2211 1213 impietatem
2251 1130 2489 1218 ubique
2530 1156 2716 1221 paga-

685 1253 836 1298 nam
866 1231 1231 1307 damnabat,
1262 1230 1327 1295 in
1358 1252 1483 1318 quo
1515 1230 1860 1318 Scripturae
1890 1230 2146 1296 illorum
2176 1232 2387 1323 impiae
2417 1237 2714 1303 visibilem

685 1347 752 1402 et
783 1335 1205 1423 compositum
1224 1334 1591 1424 praedicant.
1644 1333 1889 1400 Deinde
1919 1335 2115 1401 etiam
2134 1334 2521 1415 Judaeorum,
2549 1364 2628 1406 ne
2650 1354 2715 1407 et

688 1438 807 1527 ipsi
840 1438 975 1527 pari
1007 1438 1289 1523 caecitate
1315 1438 1579 1513 obtecti,
1607 1449 1680 1502 ut
1709 1450 1928 1526 gentes
1964 1439 2175 1529 impiae
2206 1446 2490 1533 corrupti
2525 1446 2711 1511 sensi-

693 1544 814 1610 bus
855 1544 1240 1633 deperirent,
1288 1542 1412 1610 hoc
1456 1543 1541 1609 ita
1587 1543 1862 1608 edocuit.
1924 1544 2056 1610 Sed
2084 1544 2190 1611 hic
2218 1546 2413 1614 etiam
2445 1562 2579 1616 erat
2600 1550 2714 1615 Ju-

696 1652 981 1716 daeorum
1008 1650 1205 1716 futuri
1247 1649 1551 1737 temporis
1581 1647 1645 1714 in
1690 1647 1927 1714 Christi
1961 1651 2291 1738 praesentia
2320 1652 2714 1721 incredulitas

688 1767 756 1822 et
800 1756 1124 1845 coopertio
1161 1753 1593 1823 annuntianda
1630 1754 1958 1841 mysterii:
1996 1758 2169 1843 quod
2198 1757 2481 1824 caecitate
2522 1760 2712 1849 operti

688 1858 908 1939 nimia,
942 1883 1060 1926 nec
1096 1860 1450 1949 Prophetae,
1498 1881 1619 1925 nec
1649 1858 1766 1947 ipsi
1804 1858 2078 1924 Domino
2106 1873 2285 1926 erant
2310 1862 2715 1949 postmodum

687 1965 1025 2041 credituri,
1068 1986 1217 2030 cum
1257 1966 1485 2031 missus
1528 1966 1610 2030 ad
1658 1966 1971 2053 populum
2000 1965 2291 2055 praedicat
2329 1967 2707 2034 manifeste:

703 2070 914 2135 «Ature
966 2069 1378 2144 audietis,.et
1416 2071 1607 2136 oculo
1648 2070 1975 2148 videbitis,
2005 2081 2067 2136 et
2085 2091 2207 2135 non
2239 2068 2645 2136 intendetis².
2666 2099 2697 2133 n

689 2175 987 2263 Cooperti
1032 2175 1268 2265 quippe
1321 2175 1600 2242 tenebris
1633 2177 1847 2242 lucem
1899 2175 2115 2241 salutis
2163 2186 2437 2249 aeteruae,
2481 2174 2553 2241 id
2595 2189 2709 2252 est.

689 2280 923 2346 Christi
948 2280 1712 2369 carnalem2praesentiam
1742 2303 1872 2345 non
1907 2292 2090 2346 eraut
2118 2281 2391 2370 agnituri
2412 2332 2430 2358 ,
2468 2280 2627 2348 sicut
2655 2295 2714 2348 et

689 2383 927 2451 factum
957 2398 1071 2452 est.
1108 2385 1302 2465 Quod
1325 2384 1669 2474 Apostolus
1706 2384 1965 2460 docens,
2000 2383 2353 2452 «Velamen
2374 2408 2711 2475 essetisque

687 2515 714 2551 ι
732 2489 922 2557 hodie
945 2490 1011 2558 in
1039 2491 1340 2558 cordibus
1361 2492 1737 2558 eorumdem
1768 2490 2041 2580 positum
2073 2490 2447 2557 affirmavit⁸
2472 2515 2531 2557 :-
2549 2493 2711 2579 quod

686 2618 816 2661 non
847 2597 1232 2664 revelabitur
1258 2619 1587 2685 usquequo
1626 2596 1950 2663 Christum
1988 2618 2119 2662 non
2163 2597 2552 2664 credideriut
2578 2597 2710 2664 Sal-

684 2713 987 2770 vatorem.
1029 2701 1149 2768 Ubi
1168 2714 1381 2769 autem
1405 2705 1693 2770 conversi
1723 2703 1979 2778 fuerint,
2018 2703 2083 2770 id
2103 2716 2226 2779 est,
2252 2704 2631 2770 crediderint
2652 2705 2711 2770 in

687 2803 1010 2871 Christum
1058 2807 1426 2884 Dominum,
1464 2808 1790 2874 auferetur
1821 2810 2104 2875 velamen
2144 2809 2222 2874 ab
2251 2830 2474 2875 eorum
2512 2808 2711 2874 cordi-

679 2910 822 2976 bus.
865 2912 1058 2991 Quod
1075 2926 1303 2980 autem
1330 2926 1396 2981 et
1426 2916 1556 2980 duo
1596 2914 1891 2982 animalia
1928 2915 2216 2982 nuntiata
2243 2916 2366 2980 sint
2395 2913 2706 2980 Cherubin

683 3027 749 3079 et
779 3014 1112 3104 Seraphin.
1150 3019 1251 3082 lex
1280 3016 1514 3106 quippe
1535 3030 1602 3083 et
1627 3019 1981 3108 Prophetoe,
2013 3031 2202 3086 testes
2227 3016 2445 3083 Christi
2466 3028 2530 3079 et
2551 3016 2715 3081 doc-

685 3131 851 3185 tores
896 3120 1145 3196 saeculi,
1179 3142 1309 3186 non
1344 3133 1441 3187 est
1477 3121 1865 3211 ambiguum.
1908 3123 2210 3191 velabant
2236 3133 2444 3187 autem
2478 3117 2713 3185 faciem

684 3238 751 3292 et
772 3226 963 3315 pedes
985 3226 1266 3304 Domini,
1301 3225 1430 3292 sive
1457 3226 1606 3315 quia
1630 3227 1696 3292 in
1717 3228 2059 3317 parabolis,
2086 3241 2153 3296 et
2174 3225 2710 3298 similitudinibus.

681 3344 750 3397 et
781 3331 1219 3420 aenigmatibus
1276 3332 1627 3398 docebatur
1678 3334 2089 3421 mysterium,
2131 3345 2203 3398 ut
2230 3331 2538 3423 scriptum
2567 3340 2661 3395 est
2695 3352 2712 3395 τ

697 3433 1038 3525 «Aperiam
1081 3459 1151 3501 os
1198 3457 1415 3501 meum
1467 3436 1533 3501 in
1586 3439 1963 3527 parabolis‘.
1990 3467 2015 3501 ι
2050 3440 2132 3504 Et
2161 3437 2410 3506 David:
2449 3436 2721 3504 «Revela

684 3568 710 3601 ι
729 3542 946 3606 oculos
976 3561 1153 3605 meos
1171 3588 1189 3616 ,
1223 3551 1292 3626 et
1320 3541 1740 3610 considerabo
1773 3543 2085 3610 mirabilia
2117 3545 2197 3610 de
2228 3545 2370 3633 lege
2400 3540 2540 3609 tua⁸
2565 3590 2583 3616 ,
2606 3568 2628 3602 ι
2656 3552 2727 3607 et

682 3642 1020 3734 Apostolus
1059 3666 1076 3710 ε
1110 3645 1383 3713 «Filium
1407 3671 1618 3723 suum,
1648 3647 1875 3737 inquit,
1907 3650 2092 3716 Pater
2125 3648 2430 3713 revelavit
2459 3644 2709 3720 mihi²‚»

680 3753 744 3818 id
765 3763 883 3828 est,
911 3752 1140 3842 delego
1154 3765 1345 3843 atque
1369 3753 1703 3844 Prophetis
1727 3757 2085 3822 ostendens.
2112 3753 2240 3823 Sex
2264 3766 2478 3821 autem
2499 3774 2729 3841 penna

744 3914 762 3939 ·
794 3903 1002 3965 lanu,
1029 3917 1056 3953 a
1090 3912 1160 3961 et.
1179 3920 1313 3973 seqq.
1339 3932 1402 3946 -
1423 3917 1443 3942 ⁸
1475 3905 1605 3958 ibid.
1634 3925 1684 3974 9.
1716 3933 1779 3948 —
1798 3910 1827 3946 ³
1850 3924 1876 3957 s
1900 3906 2020 3959 Cor.
2047 3922 2128 3968 m,
2151 3907 2229 3958 ιδ.
2254 3931 2318 3944 -
2346 3910 2367 3951 ⁴
2390 3903 2727 3959 nauh-xm.

668 3982 753 4049 ³⁵,
778 3991 831 4035 et
851 3981 978 4035 Pul.
1003 3998 1184 4044 mvn,
1210 4002 1337 4038 3.-
1361 3989 1383 4024 ¹
1409 3986 1535 4040 Psal-
1552 4002 1722 4047 osvin,
1756 3987 1833 4044 ιδ.
1850 4014 1910 4029 --
1938 3989 1961 4024 ⁶
1984 3986 2156 4041 Galat·
2185 4001 2226 4051 r,
2255 3986 2333 4038 ιδ.
