2982 4885
687 456 815 535 320
1474 476 1524 525 ι.
1574 471 1928 526 umnam!

683 616 868 666 rum:
911 620 938 655 ι
968 592 1098 675 Qui
1134 613 1263 657 non
1305 594 1685 668 manducat,
1717 590 2216 656 mandueantem
2255 609 2389 657 non
2424 610 2727 682 spernat,

686 725 710 766 1
726 702 915 791 etqui
936 703 1303 776 manducat,
1326 723 1454 765 non
1474 701 1969 764 manducantem
1991 697 2416 784 11011Ῐ1111ἰοοῑι
2431 749 2447 765 .
2474 728 2500 760 ι
2533 701 2728 781 Quod

684 829 759 875 ex
773 811 1097 876 voluntate
1120 803 1796 891 estitaq110,laudisest
1817 801 2162 890 amplioris,
2186 801 2312 867 imo
2335 804 2548 893 potius
2563 830 2727 872 mer·

564 958 577 971 ι
685 915 857 980 cedis
879 911 1151 979 coelestis
1174 922 1270 976 est
1293 909 1712 974 desidorium:
1739 909 1916 995 quod
1939 918 2149 972 autom
2169 920 2344 974 extra
2369 911 2570 999 legem
2594 924 2721 986 est.

684 1040 811 1085 non
845 1042 879 1083 a
908 1020 1044 1084 Deo
1070 1015 1321 1081 Christo
1345 1028 1443 1080 cst
1475 1014 1776 1079 traditum
1802 1062 1818 1088 ,
1849 1014 1962 1076 sod
1995 1011 2163 1076 inani
2204 1012 2536 1079 hominum
2567 1038 2725 1104 prae-

685 1127 1069 1212 sumption0‚
1101 1137 1165 1189 et
1198 1142 1415 1188 errore
1448 1121 1775 1187 inventum
1802 1142 1819 1184 t
1858 1119 2166 1208 scriptum
2191 1133 2285 1184 ost
2313 1121 2483 1185 enim
2512 1146 2528 1184 ε
2574 1150 2599 1181 ι
2620 1123 2719 1188 Do

687 1231 909 1295 »vobis
942 1229 1154 1294 omnia
1176 1232 1374 1294 'edero
1406 1229 1570 1292 sicut
1599 1227 1840 1291 soenum
1864 1225 1910 1289 ².
1953 1254 1979 1285 υ
2027 1227 2162 1291 Hoc
2200 1238 2410 1292 autem
2442 1228 2580 1292 ideo
2620 1229 2722 1293 sa-

685 1337 903 1410 ciunt,
942 1347 1014 1399 ut
1047 1357 1222 1398 escas
1261 1334 1564 1422 paulatim
1596 1344 2000 1420 spernenteS,
2044 1332 2265 1395 dicant
2290 1354 2394 1395 eas
2423 1354 2548 1396 non
2575 1354 2721 1397 0550

688 1444 925 1533 bonas,
959 1439 1132 1504 etita
1165 1462 1292 1503 non
1314 1463 1349 1503 a
1384 1440 1518 1503 Doo
1549 1437 1916 1505 hominihus
1941 1457 2100 1500 cscae
2127 1458 2318 1503 causa
2349 1436 2530 1502 fuisse
2553 1458 2718 1501 con-

689 1571 934 1657 passas,
972 1548 1083 1611 sod
1108 1568 1139 1609 a
1174 1546 1425 1612 diabolo
1468 1546 1662 1615 saetas
1695 1556 1764 1608 ut
1803 1554 2118 1625 asserant,
2155 1542 2240 1607 ita
2270 1542 2564 1608 sentiunt.
2608 1543 2719 1607 In-

689 1677 811 1743 que
841 1651 1008 1716 hoc
987 1675 1118 1739 jam
1144 1663 1527 1725 creaturam,
1555 1672 1683 1714 non
1717 1674 1750 1714 a
1783 1650 1916 1714 Deo
1944 1660 2246 1724 creatam,
2274 1651 2385 1725 sed
2407 1672 2441 1713 a
2468 1650 2713 1713 diabolo

680 1781 820 1851 qam
869 1756 1098 1821 factam
1138 1746 1484 1844 piaedicaro
1516 1754 1850 1832 nituntur,
1889 1777 2126 1843 perque
2157 1756 2278 1819 hoc
2310 1756 2715 1821 mendacium

678 1840 1024 1926 multorum
1050 1861 1286 1923 animas
1321 1861 1744 1947 captivarunt.

1280 2110 1281 2113 Ἴ
1361 2053 1447 2101 Lv
1453 2054 1521 2102 11.
1560 2053 2048 2106 011100110005.

771 2231 840 2296 ΙΝ
874 2229 1085 2295 Africa
1118 2241 1264 2293 sunt
1297 2229 1403 2317 qui
1444 2228 1832 2295 Circuitoros
1863 2230 2195 2303 dicuntum
2221 2227 2289 2293 hi
2313 2227 2712 2294 circumeunt

683 2319 881 2424 toi-ras
917 2348 982 2399 et
1012 2356 1170 2420 quos
1205 2332 1534 2398 inveniunt
1564 2335 1626 2398 in
1657 2335 1753 2399 via
1770 2362 1790 2410 ς
1825 2346 2059 2422 cogunt
2081 2356 2190 2398 eos
2219 2345 2294 2398 ut
2323 2333 2711 2400 interfician-

683 2455 787 2507 tur
820 2442 898 2507 ab
918 2440 1096 2506 illis:
1129 2441 1409 2506 dicentes
1434 2465 1500 2506 50
1531 2441 1888 2518 desiderare
1913 2439 2042 2531 pati
2074 2452 2281 2528 mart)
2289 2440 2477 2516 rium,
2499 2453 2561 2504 et
2591 2439 2705 2503 sub

683 2571 870 2613 causa
895 2546 1015 2611 hac
1040 2547 1223 2609 multi
1245 2546 1705 2612 latrocinantur
1730 2547 2064 2614 interdum.
2098 2547 2378 2627 Quidam
2402 2558 2609 2612 autem
2631 2567 2709 2610 ex

683 2649 754 2717 iis
778 2635 1322 2724 volutBiothanati
1344 2652 1725 2729 moriuntur,
1753 2671 1888 2720 5050
1914 2655 2132 2720 dantes
2158 2652 2236 2718 ad
2263 2652 2701 2741 praecipitium,

681 2755 1123 2856 diversumque
1157 2756 1435 2822 subeunt
1460 2757 1831 2824 calamitatis
1863 2758 2233 2851 interitum:
2262 2759 2370 2846 qui
2398 2781 2544 2824 cum
2574 2758 2706 2822 sine

681 2882 866 2924 causa
893 2860 1103 2949 perire
1140 2863 1223 2927 ita
1245 2877 1613 2953 properant,
1639 2863 1920 2930 honestae
1942 2845 2165 2932 mortis
2181 2865 2489 2930 sustinent
2520 2859 2707 2927 detri-

678 2963 915 3040 menta,
935 2977 999 3032 et
1019 2965 1259 3052 judicio
1289 2968 1405 3036 Dei
1437 2970 1650 3034 futuro
1666 2993 1731 3048 50
1757 2971 1965 3060 potius
1990 2970 2341 3059 implicant,
2362 2988 2542 3053 quam
2572 2965 2705 3029 sol-

678 3080 851 3133 vunh

886 3263 1081 3315 Lvnl.
1116 3263 1438 3315 'IIAERESIS
1474 3265 1566 3314 DE
1599 3264 1760 3316 cmo
1792 3257 1878 3318 ET
1914 3267 2189 3324 SPIRITU
2225 3266 2499 3320 SANCTO.

722 3477 731 3492 .
766 3422 898 3488 Nnc
939 3423 1205 3496 desunt,
1259 3422 1368 3507 qui
1411 3443 1562 3488 cum
1597 3423 1963 3493 hominibus
2013 3449 2141 3494 non
2187 3439 2445 3493 sumunt
2489 3446 2698 3496 oscas,

674 3526 1162 3623 praesumptione
1187 3523 1363 3591 ducti
1386 3526 1585 3603 inani,
1613 3544 1904 3617 putantes
1926 3555 1992 3598 50
2015 3533 2242 3598 melius
2269 3532 2427 3620 quid
2452 3530 2698 3595 facea-e:

671 3632 817 3718 quia
850 3644 914 3697 et
944 3630 1274 3728 Prophotae
1302 3632 1453 3708 hoe,
1494 3634 1810 3722 inquiunt,
1846 3637 2188 3712 faciebant,
2228 3637 2579 3726 ignorantes
2611 3633 2707 3697 di-

672 3758 915 3800 versam
946 3738 1366 3801 oeconomiam
1393 3737 1625 3803 Christi
1658 3741 1911 3805 Domini
1940 3764 2076 3806 0550
2106 3753 2409 3807 statutam
2438 3738 2709 3805 homini-

670 3838 808 3902 bus».
849 3838 927 3901 Hi
954 3840 1033 3903 de
1064 3839 1248 3907 Patro
1280 3852 1344 3904 et
1365 3841 1528 3908 Filio
1561 3844 1725 3910 bene
1756 3847 2064 3921 sentiunt,
2097 3849 2178 3913 (10
2213 3847 2455 3935 Spiritu
2489 3857 2708 3912 autem

743 3981 756 4004 ¹
787 3971 931 4021 Rom.
954 3988 1057 4033 xiv,
1081 3975 1133 4033 4.
1159 4002 1220 4014 -
1247 3991 1266 4014 ι
1295 3978 1422 4028 Gen.
1447 3995 1517 4037 ιι,
1542 3980 1590 4028 3.
