2982 4885
645 472 771 576 'hob
1316 518 1367 561 ε.
1420 518 1683 595 uacum
1729 516 1995 565 aon-m

644 636 838 702 nitate
865 630 1145 720 jucunda
1167 680 1185 708 ‚
1221 636 1407 722 plane
1436 636 1702 723 pulchra
1737 658 1809 700 ac
1835 636 2017 722 plena
2036 630 2388 720 fragrantiae
2415 643 2482 713 et
2502 631 2671 720 quie-

643 741 724 806 tis
754 763 772 813 ς
810 750 876 802 et
906 734 1291 827 quicumque
1324 740 1712 828 ingrediatur
1746 740 1934 814 illuc,
1971 739 2217 802 laetetur
2247 750 2312 802 et
2346 737 2668 826 quiescat:

644 843 735 909 sic
768 846 832 905 se
856 842 1094 908 habent
1127 828 1348 910 animm
1381 845 1444 910 in
1478 866 1673 931 regno
1704 843 1870 933 hoc3
1906 838 2051 907 totoe
2087 840 2384 907 fruuntur
2411 842 2675 930 gaudio.

642 945 856 1013 laetitia
889 959 953 1011 et
979 939 1168 1034 pace3
1197 971 1372 1035 reges
1392 961 1454 1012 et
1479 948 1721 1014 domini
1748 961 1979 1015 suntet
2011 947 2117 1012 dii.
2155 947 2477 1034 Scriptum
2510 946 2682 1013 enim

642 1063 739 1115 est
774 1073 790 1114 ε
829 1079 853 1110 ι
901 1050 1034 1125 Rex
1056 1053 1453 1139 regnantium
1477 1101 1496 1128 ,
1523 1066 1589 1118 et
1623 1053 1934 1120 Dominus
1975 1050 2506 1131 dominantium¹.
2548 1080 2576 1109 ο

734 1154 838 1221 IV.
858 1155 996 1221 Non
1012 1179 1161 1245 ergo
1181 1156 1691 1241 Christianorum
1704 1161 1912 1224 cultus
1938 1170 2034 1223 est
2060 1157 2384 1246 quippiam
2400 1158 2685 1244 vulgare:

651 1260 1026 1347 mysterium
1060 1262 1230 1327 enim
1260 1262 1385 1328 hoc
1423 1287 1725 1353 magnum
1761 1276 1877 1329 est.
1911 1262 2238 1352 Pet-pende
2276 1284 2425 1350 ergo
2456 1260 2694 1326 nobili-

648 1376 847 1430 tatem
863 1378 1062 1442 tuam,
1085 1369 1258 1456 quod
1280 1370 1359 1434 ad
1375 1369 1611 1459 regiam
1638 1370 2004 1458 dignitatem
2024 1379 2281 1432 vocatus
2306 1366 2413 1441 sis,
2436 1366 2696 1430 «Genus

657 1496 683 1532 »
723 1471 1027 1549 electum,
1051 1475 1262 1560 regale
1285 1473 1711 1548 sacerdotium
1732 1486 1796 1539 et
1822 1497 1973 1562 gens
1998 1471 2307 1537 sancta2.»
2324 1469 2696 1558 Mysterium

657 1575 828 1641 enim
858 1576 1307 1644 christianismi
1338 1580 1743 1670 peregrinum
1773 1591 1870 1644 est
1914 1580 1992 1644 ab
2024 1578 2150 1643 hoc
2183 1578 2444 1643 mundo.
2486 1574 2697 1641 Gloria

659 1682 824 1769 regis
851 1682 1109 1768 quidem
1142 1685 1512 1772 conspicua.
1535 1707 1609 1749 ac
1642 1683 2166 1757 divitiae,1errena
2186 1694 2360 1755 sunt,
2384 1676 2701 1768 corrupti-

661 1784 1018 1859 bilia‚'ssuxa
1049 1798 1115 1848 et
1145 1790 1408 1850 caduca.
1438 1787 1729 1872 Regnum
1758 1798 1966 1848 autem
1989 1784 2166 1856 illud,
2190 1796 2256 1847 et
2288 1781 2540 1857 divitiae,
2557 1792 2709 1848 sunt

661 1906 763 1948 res
797 1885 1044 1956 divinae.
1072 1908 1171 1955 res
1205 1876 1493 1953 coelestes
1519 1899 1706 1972 atque
1734 1887 2045 1973 gloriosae,
2074 1907 2398 1973 nunquam
2425 1887 2715 1973 proeteri·

663 1990 850 2060 turae,‘
881 2008 1230 2072 numquam
1265 1988 1697 2055 dissolvendae.
1734 1990 2022 2079 Regnant
2072 1974 2257 2057 enim·
2284 2012 2433 2055 cum
2465 1989 2714 2055 coelesti

657 2090 831 2176 'Rege
853 2089 916 2153 in
937 2090 1172 2154 coelesti
1188 2091 1497 2163 Ecclesia:
1522 2093 1783 2183 ipseque
1801 2122 1827 2155 ι
1841 2092 2307 2183 primogenitus
2330 2105 2428 2157 est
2442 2114 2521 2155 ex
2545 2112 2712 2157 mor·

661 2192 852 2273 tuis⁸,
877 2195 1322 2284 »primogeniti
1369 2218 1625 2286 quoque
1670 2199 1805 2287 ipsi.
1844 2198 2161 2263 Caetermn
2202 2197 2351 2262 licet
2393 2195 2549 2260 tales
2585 2192 2710 2261 sint

666 2299 853 2365 electi
885 2314 950 2366 et
969 2302 1219 2390 probati
1253 2305 1422 2392 apud
1449 2303 1691 2377 Deumg
1729 2304 1897 2392 apud
1922 2326 1989 2368 se
2020 2316 2230 2387 tamen
2260 2312 2412 2367 sunt
2435 2297 2700 2375 minimi,

669 2415 735 2469 et
763 2407 945 2472 valde
965 2407 1326 2497 reprobatig
1362 2411 1533 2497 quod
1558 2408 1678 2474 illis
1712 2420 1807 2474 est
1831 2409 2004 2474 velut
2032 2408 2322 2474 naturale
2355 2418 2421 2474 et
2456 2426 2708 2473 concre-

672 2521 835 2587 tum,
872 2524 942 2578 ut
970 2514 1051 2578 tle
1081 2536 1147 2578 se
1178 2514 1503 2584 humiliter
1536 2524 1645 2578 aut
1675 2513 1835 2580 nihil
1864 2513 2154 2598 sentiant.
2286 2509 2293 2514 ’

1409 2725 1955 2778 INTERROGATIO.

765 2919 842 2988 V.
885 2919 1335 3009 Ignorant-no
1384 2945 1539 3014 ergo
1593 2947 1659 2990 so
1714 2925 2145 3024 accessionem
2198 2938 2593 3004 commutas,
2636 2945 2715 2988 ae

601 3035 608 3042 ‘
677 3025 855 3192 qtltod
883 3047 1021 3089 non
1069 3024 1439 3112 habebant,
1473 3030 1808 3134 possidere
1846 3054 1889 3130 ᾳ
1921 3047 2172 3097 natura
2214 3054 2336 3099 sua
2365 3028 2720 3116 quidpiam

678 3151 723 3194 a
754 3129 979 3194 ionum
1002 3131 1039 3193 7
1307 3151 1312 3158 ·

1497 3349 1895 3404 assponmo.
1960 3337 1967 3342 ’

771 3553 904 3643 Ego
948 3575 1100 3620 vero
1147 3551 1261 3618 tibi
1294 3552 1440 3618 dico
1470 3552 1612 3619 illos
1653 3575 1782 3619 non
1811 3576 1950 3620 esse
1983 3554 2309 3643 probatos,
2342 3571 2462 3617 nec
2491 3573 2628 3617 esse
2658 3552 2728 3618 in

685 3682 1046 3752 progressu,
1092 3671 1281 3747 atque
1314 3658 1605 3747 ignorare
1648 3681 1715 3723 se
1757 3660 1932 3745 quod
1969 3681 2096 3724 non
2141 3658 2485 3733 habebant,
2522 3655 2731 3745 possi-

686 3769 859 3833 dero.
901 3766 1251 3842 cattorum,
1304 3764 1412 3852 qui
1460 3766 1615 3830 tales
1656 3774 1838 3840 sunt,
1871 3785 1981 3831 eos
2019 3764 2151 3856 ipsa
2190 3762 2389 3854 gratia
2422 3761 2730 3829 accedens

685 3869 898 3945 docet,
931 3891 1014 3936 ne
1039 3872 1173 3937 ullo
1203 3870 1271 3937 in
1311 3868 1516 3960 pretio
1563 3867 1846 3938 habeant
1886 3870 2130 3938 animas
2164 3892 2311 3938 suas
2333 3918 2351 3946 ,
2389 3870 2543 3937 dum
2580 3888 2735 3958 pro-

760 4024 775 4045 ·
802 4006 957 4072 apoc.
981 4022 1126 4065 xvm.
1151 4007 1229 4068 ιι.
1264 4033 1326 4048 -
1352 4021 1372 4046 ·
1403 4023 1421 4057 ι
1446 4005 1579 4061 Petr.
1601 4023 1661 4071 u,
1686 4024 1735 4074 9.
1766 4035 1828 4050 -
1854 4010 1878 4049 ⁸
1898 4008 2087 4061 Coton.
2112 4024 2151 4072 ι,
2185 4007 2260 4062 18.
