2982 4885
728 481 864 571 2140
1409 507 1457 548 s.
1513 506 1773 554 uacum
1818 506 2087 550 naxarii

726 637 863 702 ret,
900 636 1004 698 ut,
1044 633 1345 712 tanquam
1373 626 1664 690 naturale
1698 624 1812 708 sit,
1851 624 2167 705 adhaereat
2199 623 2559 702 animia.
2589 631 2754 717 quod

727 732 809 798 ad
838 729 1062 795 horam
1086 728 1295 817 ipsum
1334 728 1548 804 ducit,
1584 728 1853 804 excitat,
1895 741 2084 814 atque
2123 727 2335 816 dirigit
2363 730 2445 793 ad
2481 752 2589 807 ea,
2624 756 2748 820 quae

719 833 893 901 bona
925 845 1103 910 sunt,
1150 846 1222 899 ut
1252 835 1475 904 saltem
1502 856 1723 898 curam
1755 833 2020 907 haheat,
2057 843 2300 910 metum
2330 856 2403 898 ac
2440 834 2745 911 lahorem,

708 929 1023 1025 'tanquam
1060 941 1414 1006 naturalem
1446 950 1514 1003 et
1550 937 2015 1005 immutabilem
2061 936 2510 1006 contritionem
2553 942 2747 1010 cordis

720 1057 1033 1134 perpetuo
1067 1041 1347 1110 infixam.

698 1228 703 1236 ι
808 1148 944 1218 VII.
1000 1150 1562 1229 Quemadmodum
1608 1164 1823 1222 autem
1862 1152 1998 1243 apis
2042 1106 2287 1220 secreto
2333 1150 2547 1218 favum
2580 1152 2750 1241 fingit

719 1278 796 1323 ac
819 1258 1129 1326 construit
1160 1257 1225 1323 in
1248 1259 1463 1334 alveo;
1499 1257 1590 1324 sic
1623 1282 1877 1347 quoque
1915 1260 2114 1346 gratia
2144 1271 2389 1326 secreto
2421 1274 2668 1332 exercet
2690 1261 2750 1326 in

700 1361 1021 1442 *cordibus
1052 1361 1455 1430 dilectionem
1478 1386 1682 1439 suam,
1715 1377 1782 1431 et
1811 1364 1984 1451 quod
2006 1386 2298 1430 amarum
2336 1378 2433 1431 est
2455 1378 2659 1432 mutat
2689 1367 2751 1434 in

719 1467 945 1542 dulce,
980 1469 1154 1556 quod
1193 1481 1409 1535 autem
1440 1491 1733 1556 asperum
1755 1517 1774 1544 ,
1818 1468 1883 1534 in
1920 1469 1987 1534 id
2027 1472 2208 1556 quod
2244 1472 2384 1536 leve
2415 1483 2524 1536 est.
2577 1470 2755 1536 Sicut

724 1582 937 1638 autem
966 1572 1146 1640 saber
1175 1574 1568 1662 argentarius
1593 1585 1658 1639 et
1689 1577 1998 1662 sculptor,
2031 1574 2285 1661 quando
2324 1574 2569 1640 discum
2587 1574 2754 1638 §cul-

719 1673 846 1763 pit,
898 1676 1292 1761 aliquatenus
1339 1679 1544 1765 operit
1581 1678 1750 1744 varia
1788 1677 1927 1750 illa,
1965 1699 2107 1763 quae
2144 1676 2379 1764 sculpit
2419 1676 2749 1742 animalia:

718 1778 829 1841 ubi
868 1800 1019 1840 vero
1046 1800 1203 1863 opus
1235 1779 1483 1850 fecerit,
1518 1792 1671 1842 tunc
1691 1778 1934 1862 profert
1959 1778 2136 1840 illum
2157 1778 2220 1840 in
2251 1781 2398 1841 luce
2426 1781 2759 1865 splenden-

714 1889 845 1943 tem
877 1901 893 1937 ε
930 1877 1019 1941 sic
1050 1898 1303 1963 quoque
1334 1878 1646 1944 Dominus
1670 1899 1855 1960 verus
1889 1878 1993 1942 ille
2021 1876 2263 1950 artifex,
2299 1880 2533 1965 sculpit
2567 1886 2757 1950 eorda

696 1993 930 2060 ‚nostra
952 2027 969 2054 ,
1006 2002 1077 2044 ac
1126 1983 1383 2062 occulte
1421 1975 1725 2054 rehovat,
1759 1982 1963 2046 donec
2009 2003 2047 2045 e
2090 2001 2354 2068 corpore
2387 1981 2754 2060 discedant,

696 2098 905 2172 atque
936 2095 1074 2149 tum
1107 2085 1451 2173 conspicua
1475 2084 1549 2152 fit
1579 2085 1802 2151 animae
1833 2083 2267 2174 pulchritudo.
2303 2084 2430 2164 Qui
2455 2087 2627 2153 enim
2660 2114 2759 2156 su-

711 2188 1093 2282 pellectilem
1124 2211 1349 2278 parare
1378 2191 1445 2256 in
1475 2211 1677 2277 eaque
1704 2190 2083 2256 animalcula
2113 2189 2466 2278 exprimere
2500 2195 2749 2269 volunt,

705 2293 986 2383 primum
1028 2316 1244 2359 ceram
1291 2293 1613 2383 effigiant,
1667 2306 1857 2382 atque
1896 2307 2034 2359 tum
2077 2293 2159 2358 ad
2203 2294 2546 2381 imaginem·
2581 2296 2750 2363 illam

705 2385 1018 2479 fundunt,
1043 2412 1118 2466 ut
1140 2422 1300 2489 opus
1330 2402 1687 2487 secundum
1708 2398 1982 2488 effigiem
2005 2399 2179 2464 illam
2211 2401 2572 2467 absolutum
2601 2403 2747 2469 red-

710 2507 899 2572 datur
926 2528 941 2569 :
979 2527 1110 2570 non
1141 2503 1327 2569 aliter
1372 2518 1712 2593 peccatum
1738 2553 1756 2579 ,
1792 2526 1942 2568 cum
1975 2505 2055 2570 sit
2085 2503 2378 2591 spiritus,
2413 2505 2748 2593 imaginem

706 2608 941 2684 habet,
982 2630 1055 2673 ac
1090 2608 1155 2672 in
1189 2610 1389 2674 varias
1418 2607 1657 2675 formas
1698 2607 2104 2670 convertitur.
2152 2606 2456 2673 Similiter
2490 2608 2749 2675 interior

709 2734 966 2800 quoque
993 2713 1189 2793 homo
1207 2715 1661 2779 animalculum
1678 2711 2000 2793 quoddam
2019 2722 2138 2785 est,
2161 2711 2434 2800 imagine
2462 2713 2744 2796 etforma

706 2819 1044 2906 praeditum
1075 2842 1091 2884 ε
1128 2819 1439 2903 siquidem
1471 2814 1821 2903 similitudo
1852 2826 1950 2879 est
1984 2815 2312 2893 exterioris
2354 2819 2626 2891 hominis
2654 2818 2744 2884 in-

709 2924 923 2991 terior.
976 2925 1356 2989 Praeclarum
1402 2940 1552 3006 ergo
1588 2940 1662 2983 ac
1707 2919 2059 3007 pretiosum
2103 2943 2209 2987 vas
2251 2936 2381 2995 est,
2427 2926 2578 3007 quia
2619 2947 2743 3012 prae

698 3030 1003 3107 ‚omnihus
1026 3021 1335 3089 creaturis
1360 3020 1426 3085 in
1449 3042 1526 3085 eo
1551 3021 1825 3091 Domino
1843 3026 2292 3113 complacitum
2315 3037 2429 3089 est.
2456 3025 2538 3091 Et
2561 3028 2745 3095 bona

694 3132 966 3227 quidem
1021 3123 1433 3214 cogitationes
1498 3125 1922 3192 assimilantur
1979 3126 2291 3215 lapidibus
2342 3128 2635 3216 pretiosis
2681 3145 2746 3197 et

698 3229 1093 3321 margaritis;
1131 3229 1396 3318 impurae
1444 3250 1594 3294 vero
1626 3232 2035 3319 cogitationes
2073 3232 2277 3320 plenae
2319 3245 2471 3299 sunt
2503 3235 2745 3309 ossium

700 3333 1137 3408 mortuorum',
1172 3346 1239 3399 et
1260 3334 1466 3400 omnis
1500 3336 1827 3424 spurcitiei
1849 3358 1924 3401 ac
1950 3336 2210 3402 steteris.

690 3503 707 3531 .>
791 3441 957 3509 V111.
1015 3438 1354 3507 Christiani
1376 3463 1533 3530 ergo
1566 3441 1823 3507 alterius
1854 3450 2002 3504 sunt
2029 3439 2283 3518 saeculi,
2301 3439 2419 3511 mii
2438 3414 2592 3509 Adae
2619 3465 2746 3511 cm-

689 3546 909 3621 Jestis,
935 3566 1196 3634 germen
1213 3552 1484 3620 novum,
1514 3543 1627 3610 filii
1659 3542 1927 3632 Spiritus
1959 3545 2199 3623 sancti,
2226 3546 2495 3613 illustres
2516 3546 2744 3612 fratres

686 3650 969 3727 Christi,
1007 3650 1240 3737 similes
1270 3650 1465 3740 patris
1497 3651 1632 3724 sui',
1666 3648 1819 3715 Adae
1848 3649 2188 3736 spiritualis
2210 3699 2229 3724 ,
2266 3664 2333 3719 et
2369 3651 2627 3718 illustris
2656 3652 2745 3717 il-

698 3755 821 3825 lius
855 3753 1157 3830 civitatis,
1193 3755 1360 3845 illius
1403 3750 1652 3841 generis
1686 3773 1758 3816 ac
1793 3751 1960 3818 illins
2006 3753 2289 3829 virtutis;
2334 3776 2742 3843 nequaquam

682 3871 852 3953 ‚sunt
880 3859 1027 3951 hjus
1063 3858 1287 3924 mundi
1306 3906 1325 3931 ‚
1357 3857 1469 3924 sed
1495 3855 1751 3923 alterius
1780 3857 2004 3923 mundi
2035 3869 2202 3926 sunt.
2241 3857 2384 3945 Ipse
2413 3857 2582 3943 enim
2611 3858 2737 3923 ait:

703 3988 745 4060 ο,ιί
764 3962 1198 4071 ᾸΝριιμοειίεὰο
1229 3954 1353 4055 hoc
1383 3961 1662 4059 mundo,
1701 3961 2143 4053 quoniamnec
2171 3983 2293 4054 ego
2321 3984 2469 4039 sum
2494 3962 2575 4033 de
2610 3961 2745 4031 hoc
