2982 4885
1149 539 1405 592 neuma
1449 542 1614 592 mv.
2263 525 2395 619 '275

362 661 611 732 animm
647 665 781 754 Ego
822 685 964 730 sum
997 664 1400 729 immaculata
1432 664 1566 728 ovis
1586 709 1605 739 ,
1640 683 1781 749 quae
1810 664 2010 730 semel
2041 663 2254 732 oblata
2284 679 2408 747 est,

369 783 436 839 et
470 773 579 861 qui
621 771 938 837 accedunt
967 772 1052 836 ad
1091 792 1231 845 me,
1263 790 1372 835 eos
1418 791 1687 859 possum
1741 791 1984 836 curare.
2045 769 2215 838 Vera
2242 772 2414 838 enim

370 877 602 943 sanitas
636 899 669 942 a
701 876 974 942 Domino
1022 876 1156 939 solo
1209 871 1660 964 proficiscitur.
1722 873 1891 939 Ecce
1936 875 2132 953 enim,
2181 878 2412 966 inquit,

375 984 640 1073 »Agnus
663 981 805 1058 Dei,
841 982 949 1069 qui
972 980 1135 1046 tollit
1155 990 1416 1067 peccata
1441 976 1702 1043 mundi¹
1739 1001 1810 1042 :n
1849 979 2072 1046 animm
2108 983 2414 1051 nimirum

369 1087 691 1154 credentis
715 1088 799 1163 ei,
835 1100 901 1152 et
931 1084 1245 1175 diligentis
1279 1104 1428 1150 eum
1453 1105 1532 1148 ex
1569 1094 1707 1147 toto
1738 1083 1950 1148 corde.

461 1194 564 1260 IV.
617 1194 841 1260 Pastor
890 1214 1045 1281 ergo
1092 1192 1298 1256 bonus
1352 1190 1709 1258 scabiosam
1765 1208 1947 1254 ovem
2003 1204 2203 1259 curat.
2265 1193 2415 1260 Ovis

377 1310 589 1365 autem
624 1321 851 1365 curare
875 1296 1112 1385 nequit.
1161 1297 1243 1361 Et
1269 1295 1389 1361 nisi
1421 1303 1642 1360 curata
1680 1293 1871 1359 suerit
1902 1296 2226 1362 rationalis
2249 1299 2420 1376 ovis,

378 1402 574 1467 homo
614 1404 878 1475 scilicet,
918 1403 981 1466 in
1010 1401 1359 1466 Ecclesiam
1390 1398 1649 1465 Domini
1681 1400 2009 1495 coelestem
2041 1424 2169 1466 non
2209 1404 2424 1490 ingre-

378 1509 569 1572 ditur.
612 1508 713 1572 Ad
738 1506 910 1570 hunc
942 1505 1113 1568 enim
1148 1507 1411 1568 modum
1450 1503 1516 1567 in
1560 1506 1701 1590 lege
1740 1523 1998 1590 quoque
2054 1506 2292 1570 dictum
2329 1521 2424 1572 est

379 1614 495 1678 sub
521 1612 753 1677 umbra
786 1622 850 1676 et
880 1609 1172 1697 imagine.
1219 1610 1314 1675 De
1347 1611 1600 1697 leproso
1631 1609 1804 1673 enim
1838 1621 1945 1673 aut
1982 1613 2295 1675 maculam
2317 1613 2425 1677 ha-

376 1719 570 1783 bente
592 1718 727 1783 hoec
751 1717 1022 1782 obscure
1043 1718 1310 1803 loquens
1335 1713 1649 1803 significat
1673 1714 1945 1802 Spiritus
1981 1736 1998 1781 ε
2037 1743 2062 1776 ι
2083 1714 2421 1807 Leprosus,

377 1845 402 1887 x
422 1824 650 1913 inquit,
678 1835 743 1887 et
765 1823 1080 1887 maculam
1111 1821 1373 1896 habens,
1401 1842 1540 1885 non
1560 1819 1951 1908 ingredietur
1979 1822 2042 1886 in
2072 1809 2426 1889 Ecclesiam

376 1928 740 1995 »Domini².
767 1955 792 1989 n
840 1926 1078 1993 Verum
1114 1926 1419 2014 praecepit
1447 1925 1734 2014 leprose,
1769 1939 1842 1991 ut
1876 1926 2061 1992 abeat
2097 1931 2177 1993 ad
2210 1950 2425 1994 sacer-

375 2032 612 2109 dotem,
657 2044 722 2098 et
753 2031 1051 2122 precibus
1076 2029 1290 2095 multis
1325 2030 1603 2095 adducat
1629 2031 1870 2096 eumin
1904 2033 2168 2098 domum
2204 2033 2425 2098 taber-

364 2139 585 2204 naculi
619 2138 753 2213 sui,
794 2150 859 2202 et
894 2137 1181 2224 imponat
1215 2157 1444 2199 manus
1477 2157 1623 2199 suas
1656 2158 1847 2224 super
1880 2137 2162 2225 lepram,
2209 2141 2427 2205 locum

371 2245 676 2308 nimirum
721 2253 1013 2306 notatum
1057 2253 1233 2303 tactu
1269 2243 1486 2326 leprae,
1536 2251 1600 2305 et
1639 2254 1840 2305 curet.
1891 2242 2134 2307 Eodem
2172 2265 2426 2332 quoque

374 2348 568 2410 modo
587 2346 873 2409 Christus
896 2364 1081 2407 verus
1096 2342 1379 2428 pontifex
1394 2344 1757 2409 futurorum
1783 2346 2104 2409 bonorum
2121 2349 2200 2411 ad
2223 2341 2427 2436 lepro-

379 2473 476 2515 sas
494 2449 761 2523 animas,
774 2450 949 2534 lepra
970 2446 1216 2532 peccati
1240 2447 1623 2517 laborantes,
1647 2446 1952 2511 inclinans
1974 2450 2326 2537 ingreditur
2339 2465 2428 2518 ta-

379 2555 803 2622 bernaculum
823 2550 1107 2639 corporis
1138 2550 1415 2631 illarum,
1435 2561 1501 2613 et
1524 2558 1796 2615 curatae
1828 2562 2006 2615 sanat
2031 2551 2413 2623 affectiones·

379 2663 593 2748 Atque
617 2659 745 2725 hoc
771 2669 956 2746 pacto
988 2655 1223 2745 poterit
1242 2654 1450 2720 anima
1479 2654 1725 2743 ingredi
1756 2655 1821 2720 in
1853 2658 2176 2723 coelestem
2207 2659 2424 2726 Eccle-

381 2767 538 2830 siam
579 2763 961 2831 Sanctorum
1006 2761 1137 2825 veri
1178 2757 1444 2825 Israfflis.
1485 2760 1926 2847 Quoecumque
1964 2763 2135 2828 enim
2168 2763 2424 2844 anima,

380 2870 674 2937 laborans
702 2870 874 2955 lepra
909 2864 1315 2931 affectionum
1347 2867 1619 2954 peccati,
1659 2888 1789 2932 non
1823 2870 2159 2937 accesserit
2190 2875 2270 2936 ad
2308 2894 2424 2937 ve·-

383 2999 523 3041 rum
558 2971 972 3047 Pontificem,
1008 2982 1075 3036 et
1103 2976 1276 3036 nunc
1318 2982 1538 3036 curata
1569 2970 1783 3046 suerit,
1819 2971 1884 3036 in
1916 2974 2204 3040 ordinem
2231 2974 2424 3042 Sanc-

378 3092 621 3155 torum,
648 3078 712 3142 in
732 3079 1055 3142 coelestem
1074 3075 1427 3142 Ecclesiam
1450 3096 1580 3141 non
1605 3076 1972 3165 ingreditur.
2008 3076 2426 3149 Immaculata

380 3183 552 3249 enim
599 3203 750 3249 cum
787 3182 867 3247 sit
906 3193 969 3247 et
1022 3204 1217 3272 pura,
1273 3180 1800 3251 incontaminatas
1846 3194 1914 3249 et
1959 3188 2151 3275 puras
2200 3187 2428 3273 quaerit
2467 3269 2473 3275 .

398 3289 701 3354 e-animas.
737 3287 916 3353 Beati
953 3287 1151 3366 enim,
1189 3287 1423 3376 inquit,
1463 3290 1691 3356 mundi
1724 3290 1945 3365 corde,
1972 3291 2272 3377 quoniam
2303 3290 2421 3382 ipsi

376 3421 405 3456 n
420 3391 1018 3463 Deum'videbunt⁸.
1041 3419 1067 3453 ι

463 3498 539 3565 V.
575 3497 847 3586 Oportet
890 3494 1063 3557 enim
1114 3496 1391 3559 animam
1419 3545 1436 3570 ,
1490 3519 1630 3582 quae
1686 3520 1837 3566 vere
1890 3496 2143 3564 Christo
2189 3498 2416 3579 credit,

380 3601 709 3665 transferri
761 3621 835 3665 ac
867 3594 1104 3663 mutari
1137 3595 1215 3659 ab
1251 3596 1375 3661 hoc
1420 3618 1612 3684 pravo
1655 3614 1822 3668 statu
1864 3605 1931 3669 in
1962 3600 2154 3669 alium
2186 3619 2423 3674 statum

380 3702 654 3775 bonum,
679 3714 744 3766 et
777 3703 854 3766 ab
888 3702 1010 3766 hac
1040 3699 1267 3766 humili
1296 3710 1563 3777 natura,
1598 3701 1663 3767 in
1699 3707 1961 3771 alteram
1995 3708 2271 3775 divinam
2287 3708 2425 3777 'na-

382 3818 631 3881 turam,
674 3828 941 3891 eamque
984 3827 1214 3878 novam
1252 3804 1417 3873 effici
1462 3808 1697 3875 virtute
1749 3806 2022 3901 Spiritus
2073 3818 2308 3894 sancti3
2335 3831 2419 3886 .et

384 3913 510 3981 hac
540 3910 788 3976 ratione
811 3909 1046 3998 poterit
1069 3910 1293 3977 idonea
1324 3936 1460 3979 esse
1485 3917 1565 3982 ad
1591 3917 1847 3984 coeleste
1868 3942 2155 4011 regnum.
2190 3921 2423 3997 Conse-

448 4052 474 4104 ‚t
498 4048 642 4101 ἔσω.
663 4064 702 4113 1,
731 4064 812 4117 ²9·
833 4062 939 4123 -32
967 4046 1133 4101 lauit.
1154 4064 1255 4110 m,
1285 4050 1358 4102 ιδ.
1382 4077 1446 4092 -
1470 4055 1494 4093 ⁸
1518 4053 1696 4107 Βοιὼ.
1719 4071 1769 4120 v,
1789 4055 1844 4108 8.

2076 4163 2113 4215 ,ι
2125 4139 2190 4207 8.
