2982 4885
665 490 792 559 382
1338 507 1384 548 s.
1439 488 1704 547 menn
1752 498 2019 547 „terrm

666 630 912 697 Christo
944 676 963 705 ‚
1013 624 1358 711 ‘subjicitur
1412 621 1538 706 legi
1595 622 1749 697 viri,
1807 640 1933 686 non
1991 622 2259 711 amplius
2315 644 2533 701 suam,
2595 629 2713 691 sed

665 734 876 824 sponsi
906 753 1173 819 sequeus
1197 731 1609 794 voluntatem.

752 839 894 908 XV.
950 837 1308 926 Nuptialem
1365 847 1604 898 vestrm
1670 833 1940 920 Spiritus
1987 835 2253 923 gratiam
2301 858 2435 903 esse
2492 850 2643 927 puta
2689 889 2708 912 ‚

667 962 854 1035 quam
881 942 986 1030 qui
1013 942 1275 1006 induere
1300 939 1526 1026 dignus
1549 961 1674 1002 non
1704 939 1891 1004 suerit
1910 990 1927 1015 ,
1958 940 2312 1005 coelestium
2337 944 2715 1031 nuptiarum

668 1053 962 1142 epulique
1001 1047 1338 1138 spiritualis
1379 1044 1692 1134 particeps
1733 1066 1862 1109 non
1895 1040 2032 1111 erit.
2076 1047 2391 1112 Ponamus
2423 1048 2713 1113 studium

670 1158 732 1223 in
767 1156 1073 1245 spirituali
1110 1165 1175 1217 et
1203 1149 1414 1216 divino
1449 1150 1728 1214 bibendo
1766 1151 1945 1224 vino,
1990 1165 2053 1215 et
2086 1152 2472 1217 inebriemur
2500 1155 2713 1218 ebrie

672 1268 800 1328 tate
831 1260 1078 1334 sobria,
1131 1270 1239 1332 ut,
1282 1255 1821 1343 quemadmodum
1859 1256 1965 1343 qui
1996 1256 2143 1321 vino
2174 1258 2333 1344 pleni
2368 1271 2554 1332 sunt,
2608 1260 2719 1323 lo·

672 1362 1000 1457 quaciorcs
1046 1362 1242 1437 fiunt,
1304 1361 1386 1425 ita
1430 1375 1491 1425 et
1545 1382 1660 1425 nos
1716 1361 2024 1449 spirituali
2082 1362 2204 1425 hoc
2249 1363 2412 1449 large
2466 1362 2722 1428 hausto

674 1474 900 1548 mero,
960 1469 1408 1558 mysteriorum
1459 1466 1815 1531 divinorum
1874 1469 2249 1555 eloquamur
2290 1468 2712 1533 narrationes·

691 1580 808 1645 «Et
848 1580 1009 1644 calix
1037 1592 1183 1643 tuus
1224 1574 1347 1661 (ait
1369 1574 1608 1659 David)
1658 1574 1974 1639 inebrians
2009 1597 2113 1639 me
2145 1596 2333 1661 quam
2371 1577 2715 1661 praeclarus

678 1687 849 1753 inest*
884 1687 897 1749 l
937 1708 959 1745 ι
2117 1701 2123 1707 ·
2248 1766 2253 1771 .

764 1784 933 1858 XVI.
972 1791 1108 1874 Ipsa
1137 1799 1230 1851 est
1264 1786 1363 1850 illa
1397 1802 1638 1872 pauper
1671 1782 1907 1870 Spiritu
1940 1782 2171 1858 anima,
2214 1802 2360 1871 quae
2393 1787 2711 1874 cognoscit

678 1896 932 1983 quidem
982 1908 1090 1955 sua
1154 1890 1448 1961 vuluera;
1508 1886 1832 1973 cognoscit
1879 1908 2027 1977 vcro
2081 1889 2274 1954 ctiam
2309 1914 2444 1965 cas,
2484 1893 2709 1976 quibus

677 1996 1235 2069 circumambitur,
1270 1993 1818 2080 perturbationum
1851 1995 2147 2058 tenebras
2177 2045 2194 2070 ‚
2246 2008 2311 2060 et
2363 2019 2395 2060 a
2444 1995 2709 2060 Domino

681 2102 978 2168 continue
996 2100 1430 2164 liberationem
1453 2097 1695 2183 qurrrit.
1730 2098 1889 2175 Qum
1912 2100 2139 2161 tolerat
2157 2100 2413 2185 ‘quidem
2429 2101 2705 2164 labore-s:

678 2212 756 2275 do
803 2208 978 2271 nullo
1026 2218 1234 2271 autem
1286 2225 1509 2267 eorum
1537 2254 1553 2278 ‚
1593 2226 1732 2288 qum
1781 2224 1969 2289 super
2021 2215 2256 2270 terram
2303 2220 2485 2280 sunt,
2541 2208 2708 2271 bono

681 2312 949 2404 gaudet3
993 2312 1098 2374 sed
1133 2310 1197 2373 in
1232 2311 1402 2373 bono
1438 2320 1683 2371 tautum
1711 2308 1987 2382 modim,
2024 2321 2086 2372 et
2126 2310 2187 2373 in
2218 2314 2358 2396 ejus
2390 2310 2711 2375 curatione

682 2418 965 2486 conlidit.
1012 2415 1355 2496 Quomodo
1398 2414 1589 2502 igitur
1630 2414 1763 2478 lure
1798 2417 2117 2480 vulnerata
2156 2417 2358 2481 anima
2394 2419 2616 2482 decora
2651 2429 2715 2482 et

683 2527 952 2592 formosa
977 2523 1123 2597 crit,
1146 2533 1209 2586 rt
1229 2522 1307 2586 ad
1323 2520 1462 2585 vitm
1490 2520 1852 2584 societatem
1881 2521 2268 2586 individuam
2296 2545 2429 2587 cum
2454 2522 2717 2586 Christo
2806 2568 2816 2578 ·

681 2631 1020 2695 ineundam
1069 2626 1254 2714 apta?
1292 2627 1615 2710 quomodo
1667 2625 1875 2698 alite-r,
1922 2648 2111 2712 quam
2161 2639 2553 2715 perspectam
2591 2625 2720 2690 ha-

679 2737 890 2801 bendo
924 2733 1242 2816 antiquam
1273 2752 1450 2794 suam
1483 2729 1789 2816 originem
1817 2778 1833 2802 ‚
1867 2742 1930 2792 et
1954 2733 2189 2794 claram
2217 2755 2343 2818 prae
2361 2753 2429 2795 se
2458 2731 2715 2795 serendo

682 2839 1084 2929 propriorum
1147 2837 1476 2897 vulnerum
1524 2848 1586 2898 et
1625 2835 2049 2899 mendicitatis
2096 2837 2401 2900 notitiam.
2458 2836 2615 2901 Nam
2667 2837 2713 2900 si

681 2946 793 3021 iis,
827 2962 965 3027 qum
999 2940 1212 3013 habet,
1252 2941 1619 3004 vulneribus
1651 2951 1716 3002 ct
1749 2940 2150 3004 cicatricibus
2182 2941 2548 3027 passionum
2590 2964 2715 3004 non

683 3033 1058 3119 delectatur,
1087 3067 1205 3110 nee
1229 3046 1662 3134 patrocinatur
1688 3044 1931 3109 delictis
1956 3047 2078 3109 suis
2103 3097 2116 3120 ,
2139 3068 2260 3108 non
2296 3045 2575 3132 imputat
2605 3047 2717 3134 ipsi

684 3173 862 3215 suam
905 3151 1370 3242 deformitatem
1411 3150 1757 3221 Dominus;
1792 3155 1904 3214 sed
1936 3151 2101 3215 vonit
2132 3164 2195 3214 ct
2225 3163 2404 3215 sanat
2436 3174 2509 3215 ac
2536 3163 2718 3216 curat

682 3277 847 3331 eam,
906 3256 1189 3340 nullique
1237 3251 1576 3315 obnoxiam
1626 3255 1977 3319 alterationi
2025 3269 2088 3321 et
2133 3256 2720 3321 immarcessibilem

681 3363 1026 3451 quamdam
1079 3359 1135 3421 ei
1190 3356 1470 3421 restituit.-
1524 3359 2088 3445 pulchritudinem.
2126 3363 2402 3455 Tantum
2453 3363 2579 3449 ipsa
2635 3385 2723 3426 ne

681 3468 884 3531 libero
932 3485 1184 3526 assensu
1238 3463 1572 3552 participet
1625 3465 1729 3540 iis,
1768 3489 1906 3552 quae
1954 3467 2147 3544 siunt,
2186 3483 2259 3534 ut
2296 3469 2529 3533 dictum
2569 3481 2720 3542 est3

683 3593 841 3635 neve
874 3567 1326 3632 consentiendo
1351 3593 1420 3633 ca
1457 3574 1864 3659 comprobet,
1893 3597 2030 3659 quac
2072 3575 2433 3639 inordinatae
2456 3583 2732 3658 portur-

675 3676 970 3742 bationes
1001 3688 1394 3769 operantur-⁸:
1431 3681 1539 3741 sed
1574 3689 1699 3740 tota
1742 3680 1973 3744 virtuto
2009 3683 2087 3744 ad
2116 3681 2457 3745 Dominum
2483 3680 2732 3745 clamet

679 3794 755 3844 'ut
773 3804 886 3869 per
901 3782 1147 3844 ⁴honuni
1169 3780 1357 3868 ipsius
1388 3780 1692 3868 Spiritum
1713 3784 1981 3849 liberare
2007 3808 2073 3851 sc
2097 3786 2392 3874 dignetur
2414 3807 2443 3848 a
2473 3786 2729 3849 cunctis

673 3887 891 3976 pravis
924 3875 1271 3953 affectibus.
1296 3888 1486 3953 Beata
1510 3886 1799 3973 profecto
1824 3890 1965 3956 talis
1988 3891 2199 3956 anima
2209 3916 2229 3966 3
2249 3913 2341 3956 τω
2367 3903 2580 3957 autom
2607 3891 2727 3969 illi,

750 4036 765 4060 ¹
793 4022 918 4074 Psal.
946 4039 1064 4081 xxu,
1086 4023 1135 4071 5.
