2982 4885
945 519 1023 561 ns
1073 511 1429 562 uanam-rs
1478 520 1725 614 Μεῦτιε.
2235 508 2358 587 4οι

411 632 586 697 XIII.
643 633 767 711 Qui
801 637 935 700 vult
967 637 1247 701 imitator
1284 661 1419 702 esse
1452 637 1725 714 Christi,
1763 653 1826 704 et
1851 664 1967 729 per
1997 642 2123 711 hoe
2149 668 2368 715 eonse-

324 738 429 821 qni
472 751 540 801 ut
577 739 925 826 appelletur
965 739 1133 804 filius
1183 742 1345 816 Dei,
1391 755 1614 829 utpote
1665 744 1916 832 genitus
1958 772 2034 814 ex
2077 751 2318 840 Spiritu
2346 805 2368 832 ,

322 845 464 903 euin
496 854 635 909 ante
668 845 877 910 omnia
908 847 1203 911 convenit
1236 860 1646 913 occurrentes
1679 849 2068 930 afflictiones,
2106 856 2235 924 sive
2264 858 2363 927 hae

321 947 613 1033 corporei
659 949 866 1013 morbi
899 950 1024 1014 sint
1046 1001 1061 1025 ‚
1099 949 1228 1016 sive
1258 951 1509 1038 injuriae
1543 953 1621 1016 ab
1654 951 2017 1021 hominibus
2045 1008 2060 1032 ,
2097 961 2223 1028 sive
2253 986 2363 1054 op·

317 1053 611 1137 probria,
649 1076 760 1118 seu
802 1055 995 1120 etiam
1028 1080 1107 1120 ex
1142 1056 1382 1123 insidiis
1424 1058 1833 1125 invisibilium
1874 1060 2152 1131 hostium
2180 1116 2199 1143 ,
2236 1072 2362 1136 ani-

322 1178 493 1220 mose
534 1180 604 1222 ac
646 1158 897 1232 sortiter
926 1162 1217 1227 tolerare.
1272 1162 1392 1227 Per
1430 1162 1714 1274 divinam·
1749 1166 2213 1253 providentiam
2260 1198 2363 1242 sa-

872 1268 1031 1331 avole
1088 1278 1320 1331 cuneta
1372 1269 1854 1356 disponentem,
1902 1277 2362 1362 permittuntur

872 1364 1006 1434 ibus
1070 1371 1384 1457 ejusmodi
1444 1374 1853 1462 probationes
1911 1382 2361 1455 adversitatum

872 1475 1254 1541 ‚nisestentur
1277 1500 1418 1564 quae
1444 1481 1610 1544 inter
1630 1503 1735 1546 eas
1752 1481 1996 1549 sincere
2014 1486 2362 1558 Dominum

872 1602 910 1642 n
944 1580 1006 1643 id
1037 1581 1155 1645 suit
1185 1583 1263 1646 ab
1296 1584 1470 1647 omni
1503 1607 1636 1677 aevo
1671 1585 1904 1652 sanetis
1942 1588 2357 1670 Patriarchis,

872 1683 1023 1749 telis
1056 1698 1118 1750 et
1150 1687 1557 1776 Martyribus,
1588 1705 1657 1755 ut
1688 1715 1802 1779 per
1838 1705 2165 1781 angustam
2194 1694 2362 1764 hane

313 1786 478 1849 viam
526 1788 945 1852 tentationum
992 1803 1054 1853 et
1098 1791 1511 1858 afflictionum
1557 1796 1935 1871 transirent,
1984 1811 2049 1863 et
2097 1798 2188 1864 sie
2223 1800 2360 1866 Deo

312 1892 648 1975 placerent.
706 1919 731 1951 ι
763 1892 927 1966 Fili,
974 1894 1053 1957 ait
1097 1894 1457 1982 Scriptura,
1511 1900 1821 1964 accedens
1866 1901 1948 1964 ad
1981 1901 2353 1970 servitutem

309 2023 331 2054 ι
353 1995 489 2069 Ilei,
517 2018 797 2083 praepara
826 1997 1099 2061 animam
1129 2011 1299 2063 tuam
1336 2000 1416 2064 ad
1450 2003 1891 2079 tentationem,
1928 2006 2216 2092 deprime
2241 2030 2356 2073 cor

309 2130 332 2161 n
354 2115 531 2166 tunm
555 2115 617 2167 et
642 2103 879 2168 sustine
906 2152 920 2167 .
951 2126 976 2164 ιι
1024 2105 1103 2168 Et
1131 2105 1305 2181 alibi,
1349 2132 1375 2164 α
1402 2107 1559 2186 Quae
1604 2109 1964 2174 inseruntur
1991 2112 2103 2176 tibi
2138 2117 2354 2181 omnia

308 2234 331 2264 u
354 2209 603 2270 utbona
634 2209 853 2294 excipe
873 2234 889 2281 3
910 2210 1115 2272 sciens
1148 2211 1449 2294 quoniam
1474 2212 1608 2273 sine
1637 2210 1773 2276 Deo
1806 2213 1966 2278 nihil
1997 2214 2128 2282 fit¹.
2170 2246 2195 2277 n
2224 2219 2348 2284 Pa-

309 2310 541 2370 tientiae
586 2309 776 2393 igitur
825 2321 890 2372 et
934 2311 1068 2395 spei
1107 2323 1254 2374 ante
1305 2334 1494 2374 omne
1542 2312 1711 2376 aliud
1751 2336 1943 2400 opera
1994 2321 2198 2384 danda
2255 2339 2352 2393 est

310 2412 531 2477 animae
564 2411 699 2475 Deo
736 2412 988 2499 placere
1014 2413 1267 2476 volenti.
1317 2415 1452 2477 Una
1484 2414 1653 2478 enim
1691 2416 1825 2480 haec
1865 2429 1963 2482 est
1999 2441 2075 2483 ex
2109 2425 2347 2494 artibus

307 2517 561 2591 diaboli,
591 2514 914 2604 torporem
949 2517 1129 2581 nobis
1155 2516 1417 2603 injicere
1444 2517 1509 2581 in
1544 2533 1829 2607 tempore
1865 2521 2244 2610 afflictionis,
2280 2543 2354 2597 nt

307 2635 545 2685 avertat
583 2642 696 2684 nos
741 2643 773 2684 a
821 2644 931 2708 spe
972 2622 1036 2685 in
1073 2622 1348 2686 Domino
1393 2626 1708 2711 ponenda.
1752 2625 2092 2715 Nunquam
2131 2644 2345 2701 autem

302 2725 472 2788 Deus
515 2738 760 2790 tantum
804 2726 1044 2813 fatigari
1098 2728 1550 2793 tentationibus
1600 2730 1909 2818 permittit
1961 2735 2232 2803 animam
2278 2740 2345 2808 in

303 2832 506 2918 ipsum
542 2845 895 2917 sperantem
919 2881 935 2906 ‚
963 2845 1034 2896 ut
1072 2834 1150 2897 ad
1183 2834 1405 2899 incitas
1440 2837 1717 2912 redacta,
1748 2839 1952 2904 omnis
1976 2841 2158 2931 inops
2180 2847 2342 2912 con-‘

301 2938 417 3000 silii
457 2949 693 3000 aestuct.
744 2964 770 2996 α
800 2936 1033 3005 Fidelis
1064 2940 1271 3015 enim,
1312 2940 1398 3005 ait
1429 2940 1802 3029 Apostolus,
1836 2944 2008 3010 Deus
2052 2962 2185 3024 est,
2227 2952 2337 3039 qui

298 3068 467 3107 »non
507 3044 784 3132 patietur
811 3067 921 3109 vos
956 3047 1183 3111 tentari
1226 3072 1414 3135 supra
1451 3048 1520 3113 id
1552 3048 1724 3138 quod
1759 3053 2020 3139 potestis
2041 3080 2060 3130 ς
2099 3062 2211 3124 sed
2242 3041 2336 3123 sa4

298 3176 319 3208 n
342 3151 463 3214 ciet
480 3150 665 3214 etiam
689 3173 833 3214 eum
853 3153 1201 3217 tentatione
1218 3166 1518 3219 eventum
1539 3168 1609 3220 ut
1633 3158 1879 3244 possitis
1896 3162 2202 3228 sustinere
2218 3163 2264 3230 ².
2293 3195 2318 3227 ι

295 3254 508 3341 Neque
540 3279 688 3320 vero
718 3258 1027 3334 diabolus,
1057 3272 1367 3346 quantum
1400 3261 1519 3350 ipsi
1541 3263 1794 3330 libitum
1819 3281 1936 3341 est,
1959 3267 2176 3353 aflligit
2208 3270 2333 3335 ani·

294 3384 459 3425 mam
489 3386 507 3434 3
554 3363 664 3426 sed
695 3385 819 3447 qua
863 3386 1160 3428 mensura
1198 3366 1265 3428 id
1309 3390 1491 3453 agere
1527 3367 1752 3432 sinitur
1786 3391 1819 3430 a
1861 3369 2017 3432 Deo.
2065 3367 2131 3432 Si
2159 3373 2330 3442 enim

292 3464 653 3529 hominibus
694 3465 979 3549 ignotum
1010 3488 1141 3528 non
1175 3478 1291 3538 est,
1328 3463 1636 3551 quantum
1668 3472 1876 3536 oneris
1910 3486 2163 3561 portare
2195 3502 2332 3544 mu.

292 3571 389 3633 lus
413 3571 632 3656 possit,
664 3578 903 3654 quanto
929 3589 1042 3652 par
1065 3566 1326 3629 serendo
1360 3568 1439 3632 sit
1473 3572 1704 3647 asinus,
1741 3590 1978 3661 quanto
2003 3574 2284 3646 camelus
2303 3610 2325 3659 ς

292 3676 459 3736 unde
509 3686 1001 3736 consentaneum
1036 3671 1346 3758 cujusque
1376 3671 1618 3739 viribus
1660 3678 1892 3765 cuique
1925 3685 2173 3770 pondus
2205 3687 2331 3753 im-

288 3786 534 3863 ponunt
560 3800 578 3847 3
614 3774 748 3839 etsi
782 3788 1185 3862 perspectum
1211 3773 1404 3868 figulo
1435 3792 1556 3854 est,
1585 3795 1822 3869 quanto
1857 3788 2162 3876 temporis
2190 3812 2328 3880 spa-¹

291 3879 379 3945 tio
417 3901 560 3943 vasa
597 3879 660 3942 in
694 3880 948 3945 fornace
987 3881 1257 3969 relinqui
1294 3883 1602 3960 debeant,
1637 3908 1717 3953 ne
1748 3888 1995 3978 longius
2024 3914 2204 3982 aequo
2237 3894 2325 3963 ibi

355 4030 379 4086 ¹⁸
407 4014 561 4068 Eeeli.
594 4033 652 4085 ιι,
687 4033 733 4080 ι,
755 4035 801 4067 ².
822 4046 885 4058 —
912 4034 931 4058 ¹
969 4036 984 4069 ι
1012 4018 1129 4071 Cor.
1159 4036 1208 4078 x,
1239 4020 1313 4072 ιδ.

504 4122 720 4171 ιιιηιι.
2021 4118 2107 4183 26
