2982 4885
598 572 606 582 ’
686 615 812 685 ‚70
1354 599 1403 650 ι.
1457 599 1723 650 uacum
1770 601 2041 653 sacrvm

678 735 831 804 licet
867 725 1040 796 nacti
1074 723 1200 792 sint
1242 723 1599 798 secundum
1644 731 1906 788 ventum
1941 735 2010 788 et
2050 722 2466 808 tranquillum
2500 746 2705 807 mare,

678 839 956 908 necdum
976 826 1382 920 pervenerint
1416 829 1496 892 ad
1523 839 1780 914 portum
1796 877 1815 910 ‚
1841 827 2149 894 continuo
2172 828 2292 894 sub
2319 843 2499 896 metu
2528 846 2706 909 sunt,

680 966 765 1012 ne
794 940 1135 1027 derepente
1169 932 1487 1000 contrario
1521 933 1802 1002 excitato,
1825 946 2015 999 vento
2048 932 2346 999 fluctibus
2372 959 2550 1004 mare
2581 938 2714 1028 agi-

680 1060 877 1122 tetur,
902 1056 970 1110 et
990 1040 1164 1110 navis
1186 1039 1252 1104 in
1272 1037 1628 1126 periculum
1649 1038 1890 1104 incidat
1913 1065 1933 1102 ε
1963 1040 2051 1106 sic
2072 1061 2322 1126 quoque
2345 1039 2710 1118 Christiani,

682 1153 838 1230 licet
885 1150 1163 1220 habeant
1209 1144 1279 1218 in
1325 1166 1394 1209 se
1444 1165 1823 1234 prosperum
1873 1157 2137 1213 ventum
2191 1145 2394 1224 sancti
2441 1146 2716 1236 Spiritus

679 1260 943 1328 flantem
972 1303 992 1330 ,
1026 1239 1436 1329 nihilominus
1454 1263 1783 1326 metuunt,
1822 1273 1906 1317 ne
1937 1251 2280 1338 aliquando
2304 1264 2530 1319 ventus
2566 1276 2715 1320 con—

682 1362 890 1431 trarioe
914 1355 1238 1448 potestatis
1265 1354 1461 1443 spiret
1490 1367 1558 1421 et
1586 1355 1871 1444 insurgat
1889 1404 1908 1431 ,
1932 1369 1998 1421 et
2019 1368 2466 1446 tempestatem
2492 1380 2714 1446 quam-

686 1472 832 1538 dam
882 1487 957 1532 ac
1013 1463 1249 1529 fluctus
1302 1459 1535 1525 excitet
1590 1460 1817 1528 animis
1870 1483 2113 1542 eorum.
2173 1461 2513 1551 Diligentia
2546 1484 2715 1550 ergo

684 1593 936 1642 summa
959 1590 1117 1657 opus
1138 1616 1157 1642 ,
1179 1578 1251 1630 ut
1270 1565 1715 1653 perveniamus
1737 1568 1817 1631 ad
1840 1579 2099 1653 portum
2117 1567 2358 1654 requiei
2375 1618 2395 1645 ,
2430 1568 2510 1633 ad
2529 1590 2723 1636 mun-

687 1684 841 1756 dum
870 1676 1250 1766 perfectum,
1286 1673 1366 1734 ad
1388 1671 1582 1736 vitam
1603 1683 1666 1735 et
1697 1671 1953 1736 delicias
1974 1685 2268 1750 aeterum,
2298 1673 2375 1738 ad
2402 1673 2723 1740 civitatem

682 1797 1079 1852 sanctorum,
1108 1777 1189 1839 ad
1216 1775 1537 1840 coelestem
1562 1773 1916 1838 Jerusalem
1938 1821 1957 1848 ,
1987 1777 2067 1837 ad
2098 1776 2452 1842 Ecclesiam
2479 1778 2725 1866 primo-

684 1878 1106 1974 genitomm¹.
1159 1876 1290 1941 Nisi
1332 1896 1479 1938 vcro
1519 1876 1659 1960 quis
1689 1878 1920 1962 gradus
1968 1876 2107 1947 illos
2135 1879 2493 1962 transierit,
2544 1905 2726 1950 sum-
2765 1893 2768 1894 ’

683 1979 1225 2075 moperemetuit,
1261 1999 1343 2046 ne
1373 1976 1536 2042 sorte
1567 1978 1808 2048 interea
1834 1981 2086 2067 lapsum
2111 1983 2461 2067 quemdam
2493 1984 2722 2052 adver-

677 2092 838 2162 saria
870 2096 1144 2175 potestas
1172 2080 1489 2148 moliatur.
2291 2141 2294 2146 .

761 2196 836 2266 V.
882 2192 1150 2264 Perinde
1177 2211 1326 2255 vero
1360 2210 1432 2254 ac
1460 2188 1692 2252 mulier
1729 2210 1870 2275 quae
1904 2189 2204 2277 concepit
2235 2237 2254 2265 ,
2299 2189 2475 2257 intus
2521 2193 2713 2261 babet

615 2341 621 2350 v
675 2301 984 2372 infantem
1013 2317 1200 2363 suum
1233 2294 1300 2358 in
1338 2293 1650 2369 tenebris,
1681 2304 1758 2357 nt
1790 2294 1875 2364 ita
1895 2287 2163 2370 dicam,
2197 2306 2265 2360 et
2294 2297 2492 2380 denso
2511 2299 2647 2374 loco
2679 2321 2700 2362 t

681 2409 735 2481 si
757 2417 907 2475 'vere
936 2399 1344 2494 postmodum
1374 2398 1704 2486 contingat
1726 2396 1941 2488 egredi
1973 2421 2247 2486 puerum
2281 2412 2566 2491 tempore
2593 2401 2704 2469 de—

668 2516 843 2591 bito,
875 2513 1158 2581 intuetur
1174 2526 1405 2573 novam
1426 2516 1821 2583 creaturam,
1855 2526 2046 2591 quam
2072 2529 2401 2594 nunquam
2431 2508 2688 2584 viderat,

670 2619 825 2686 coeli
846 2650 867 2692 ‚¹
886 2629 1077 2707 tetrae
1097 2622 1165 2677 et
1187 2609 1352 2681 solis.
1381 2609 1462 2673 Et
1488 2609 1681 2677 amici
1705 2622 1894 2697 atqup
1916 2612 2171 2699 pognati
2194 2613 2495 2687 continuo
2519 2613 2699 2681 hilari

677 2722 860 2790 vultu
894 2714 1217 2801 excipiunt
1255 2734 1403 2777 eum
1445 2711 1512 2777 in
1554 2713 1756 2791 ulnas.
1809 2713 2003 2797 Quod
2042 2717 2094 2781 si
2132 2739 2283 2785 vero
2320 2718 2633 2807 contingat
2660 2738 2698 2781 a

670 2822 1046 2907 ¹confusione
1069 2816 1347 2906 ,quadam
1376 2816 1590 2899 divelli
1625 2817 1798 2883 intus
1829 2818 2136 2899 infantem
2154 2872 2198 2903 ,1
2219 2823 2568 2909 necessario
2591 2843 2698 2889 su-

662 2940 917 3022 perest,
941 2937 1014 2989 ut
1035 2925 1117 2988 ad
1136 2922 1262 2988 hoc
1284 2919 1613 2995 constituti
1637 2921 1869 2989 medici
1892 2926 2152 2999 cultello
2173 2938 2429 2992 utantur
2440 2950 2463 2999 ‚-
2489 2927 2701 3011 itaque

668 3029 1165 3124 deprehenditur
1201 3037 1417 3112 postea
1449 3023 1655 3092 infans
1688 3049 1723 3092 a
1751 3042 1965 3105 morte
2000 3032 2066 3097 in
2098 3043 2366 3097 mortem
2393 3050 2696 3117 pergere,

592 3214 607 3221 „
660 3163 707 3209 a
737 3136 1016 3215 tenebris
1046 3135 1111 3199 in
1142 3130 1453 3203 tenebras·
1490 3128 1596 3196 Sic
1634 3133 1853 3223 accipe
1888 3124 2141 3224 quoque
2169 3137 2234 3202 in
2262 3158 2335 3203 re
2362 3134 2688 3225 spirituali.

670 3245 1083 3327 ‚Quicumque
1118 3246 1535 3320 susceperunt
1584 3256 1802 3317 semen
1850 3240 2209 3309 Divinitatis
2229 3290 2248 3318 ,
2295 3240 2364 3308 hi
2405 3239 2696 3307 invisibili

665 3354 857 3427 modo
892 3345 1184 3415 obtinent
1206 3339 1362 3407 illud
1383 3386 1402 3412 ,
1434 3349 1499 3402 et
1529 3354 1788 3429 propter
1817 3343 2176 3414 inhabitans
2210 3345 2331 3413 sibi
2363 3358 2697 3437 peccatum

657 3457 726 3525 in
750 3445 1158 3518 tenebricosis
1180 3455 1246 3508 et
1268 3442 1566 3511 timendis
1587 3446 1743 3516 locis
1765 3453 2113 3518 occultant.
2144 3452 2213 3518 Si
2234 3474 2385 3539 ergo
2403 3450 2698 3529 muniant

658 3557 920 3643 seipsos
940 3602 959 3629 ,
989 3562 1056 3616 et
1084 3561 1458 3615 conservent
1478 3572 1699 3618 semen
1716 3602 1735 3629 ,
1761 3553 1863 3619 isti
1887 3556 2104 3624 debito
2138 3570 2429 3645 tempore
2449 3557 2698 3644 produ-

658 3672 816 3731 cunt
843 3659 911 3725 in
928 3659 1152 3724 lucem
1174 3703 1193 3730 ,
1219 3666 1284 3720 et
1312 3655 1572 3723 tandem
1591 3658 1657 3722 in
1682 3658 2092 3729 dissolutione
2117 3658 2401 3751 corporis
2424 3709 2443 3739 ,
2471 3659 2695 3749 Angeli

650 3780 715 3837 et
745 3785 965 3830 omnes
997 3760 1250 3849 superni
1282 3761 1459 3827 chori
1491 3764 1635 3831 laeto
1665 3764 1845 3828 vultu
1872 3768 2201 3856 excipiunt
2239 3768 2404 3849 illos.
2452 3765 2520 3847 Si
2546 3787 2693 3832 vero

655 3871 795 3960 quis
825 3866 1129 3956 susceptis
1160 3866 1352 3935 armis
1372 3864 1612 3931 Christi
1642 3870 1722 3933 ad
1748 3868 1992 3938 bellum
2020 3873 2272 3939 sortiter
2301 3874 2646 3962 gerendum
2665 3920 2684 3946 ,

655 3976 941 4047 socordia
979 3971 1319 4047 diffluerit,
1353 3970 1666 4058 ejusmodi
1698 3973 1809 4063 qui
1853 3986 1980 4054 est,
2023 3998 2218 4064 quam
2243 3978 2528 4071 primum
2554 3988 2694 4069 tra:

718 4127 736 4152 ¹
767 4110 931 4164 Hebr.
951 4124 1050 4171 ιιι,
1075 4122 1155 4168 22,
1186 4104 1268 4176 ²32
