2982 4885
662 503 795 584 282
1331 534 1377 577 ι.
1434 532 1700 580 nemu
1742 532 2010 580 marr-ru

663 652 1101 740 cognationem
1133 672 1332 716 suam.
1373 651 1559 718 Nulla
1580 651 1750 718 enim
1781 667 1875 717 est
1913 653 2051 717 talis
2081 650 2473 720 familiaritas
2507 642 2696 744 atque

665 756 1016 843 opitulatio,
1050 777 1124 820 ac
1148 769 1244 820 est
1273 755 1499 830 animae
1524 779 1672 844 erga
1702 756 1929 832 Deum,
1966 769 2033 821 et
2062 756 2179 822 Dei
2208 779 2357 845 erga
2388 758 2685 826 animam.

663 859 962 925 Condidit
1004 860 1174 926 enim
1211 861 1381 926 Deus
1423 861 1632 925 avium
1676 884 1907 949 genera
1947 862 2237 927 diversa:
2273 865 2579 949 quasdam
2623 877 2695 932 ut

659 963 843 1029 nidos
888 978 1271 1053 componant
1311 965 1376 1040 in
1420 977 1588 1030 terra
1612 1014 1630 1040 ,
1674 979 1738 1030 et
1779 965 1843 1030 in
1886 988 1960 1030 ea
2003 966 2283 1036 habeant
2322 980 2579 1054 pastum
2617 989 2694 1034 ac

660 1070 943 1157 requiem
971 1093 987 1135 :
1015 1072 1320 1157 quasdam
1343 1091 1495 1136 vero
1528 1070 1867 1145 ordinavit,
1892 1082 1966 1135 ut
1990 1070 2106 1136 sub
2133 1072 2308 1158 aquis
2330 1071 2691 1149 nidificent,

660 1174 935 1262 indeque
958 1175 1150 1240 vitam
1172 1175 1446 1242 habeant
1473 1198 1489 1239 ε
1520 1174 1849 1244 fabricavit
1877 1196 2131 1261 quoque
2164 1174 2486 1263 duplicem
2505 1197 2694 1242 mun·-

663 1283 859 1358 dum;
905 1304 1107 1347 unum
1148 1281 1577 1370 superiorem,
1619 1280 2169 1348 administratoriis
2213 1280 2576 1369 spiritibus,
2617 1292 2696 1346 ut

661 1386 788 1454 illic
833 1401 1322 1462 conversentur,
1360 1384 1734 1461 constituit3
1782 1388 2052 1452 alterum
2089 1384 2448 1451 inferiorem
2480 1383 2698 1451 homi...

662 1493 850 1558 nibus
891 1493 1006 1558 sub
1052 1492 1175 1559 hoc
1221 1498 1382 1558 aere.
1446 1490 1699 1557 Creavit
1741 1513 1996 1579 quoque
2033 1491 2267 1556 coelum
2311 1501 2377 1554 et
2418 1501 2693 1562 terram,

662 1601 861 1666 solem
900 1621 974 1663 ac
1007 1601 1222 1664 lunam
1248 1647 1266 1673 ,
1301 1621 1494 1684 aquas
1516 1646 1533 1673 ,
1574 1597 1831 1663 arbores
1858 1594 2246 1670 fructiferae,
2281 1605 2349 1660 et
2378 1591 2694 1658 variorum

661 1706 1024 1770 animalium
1051 1726 1280 1790 genera
1305 1727 1320 1767 :
1349 1705 1412 1766 in
1439 1705 1615 1766 nullo
1641 1714 1851 1765 tamen
1882 1699 2114 1763 horum
2141 1697 2484 1783 requiescit
2499 1697 2686 1763 Deus.

665 1811 960 1872 Universa
999 1819 1285 1870 creatura
1320 1805 1435 1865 sub
1469 1803 1608 1886 ejus
1656 1814 1750 1865 est
1787 1800 2050 1884 imperio
2075 1823 2096 1870 ς
2131 1820 2248 1861 nec
2288 1811 2507 1865 tamen
2539 1822 2695 1865 con-

661 1908 887 1974 struxit
924 1907 985 1969 iu
1033 1907 1123 1969 eis
1166 1907 1464 1969 thronum
1491 1950 1514 1976 ,
1571 1926 1776 1988 neque
1820 1901 2186 1966 societatem
2232 1900 2412 1976 iniit,
2461 1904 2589 1966 nisi
2635 1903 2695 1968 in

659 2011 914 2075 homine
931 2010 1065 2073 solo
1083 2007 1534 2095 complacitum
1551 2007 1609 2070 ei
1625 2019 1743 2081 est,
1773 2026 1845 2069 ac
1860 2005 2229 2070 societatem
2251 2025 2404 2067 cum
2427 2027 2507 2068 eo
2537 2027 2691 2070 con-

657 2113 880 2186 traxit,
916 2125 982 2176 et
1013 2112 1077 2175 in
1108 2134 1184 2176 eo
1218 2111 1578 2197 requiescit.
1634 2109 1921 2175 Vides-ne
1960 2108 2065 2174 hic
2100 2107 2550 2195 cognationem
2576 2109 2690 2176 Dei

659 2238 807 2281 cum
831 2215 1113 2292 homine,
1146 2230 1212 2281 et
1240 2216 1515 2282 hominis
1542 2238 1689 2281 cum
1714 2215 1894 2280 Deo?
1916 2213 2117 2300 Sagax
2146 2236 2296 2300 ergo
2322 2225 2389 2276 et
2418 2214 2685 2299 prudens

661 2319 907 2397 anima,
949 2322 1371 2409 pertransiens
1412 2333 1677 2384 cunctas
1722 2332 2085 2393 creaturas,
2139 2341 2266 2381 non
2309 2317 2544 2383 invenit
2581 2339 2683 2382 re-

660 2426 872 2512 quiem
914 2426 1032 2493 sibi
1071 2426 1225 2515 ipsi,
1268 2425 1385 2490 nisi
1431 2428 1636 2490 solum
1678 2424 1741 2489 in
1787 2422 2108 2505 Domino:
2155 2445 2276 2487 nec
2312 2421 2580 2487 Domino
2616 2419 2679 2485 in

658 2533 791 2596 ullo
816 2532 1269 2618 complacitum
1295 2543 1415 2604 est,
1450 2530 1569 2593 nisi
1599 2530 1804 2615 solum
1841 2528 1904 2591 iu
1938 2526 2215 2592 homine.

748 2632 852 2698 Vl.
910 2635 975 2698 si
1003 2634 1322 2719 expandas
1354 2636 1573 2696 oculos
1617 2633 1696 2697 ad
1735 2634 1963 2705 solem,
1999 2632 2237 2718 reperis
2269 2632 2334 2695 in
2370 2632 2528 2696 coelo
2568 2628 2678 2694 cir·

662 2741 879 2815 culum
903 2739 1042 2823 ejus
1072 2762 1086 2801 :
1121 2740 1338 2802 lumen
1365 2752 1577 2804 autem
1610 2750 1674 2801 et
1703 2738 1910 2801 radios
1935 2738 1997 2801 in
2034 2751 2266 2802 terram
2291 2758 2574 2823 vergere,
2598 2745 2681 2799 at·

662 2866 785 2932 que
816 2865 1071 2909 omnem
1097 2842 1223 2905 vim
1249 2841 1507 2906 luminis
1536 2841 2026 2928 eteplendorem
2052 2843 2134 2925 ad
2165 2855 2392 2906 terram
2418 2838 2675 2907 deferriz

661 2950 754 3015 sic
788 2968 1041 3033 quoque
1071 2945 1383 3010 Dominus
1420 2967 1454 3010 a
1491 2946 1728 3011 dextris
1759 2944 1959 3009 Patris
1994 2969 2183 3033 super
2225 2966 2475 3008 omnem
2510 2943 2687 3029 prin-

663 3052 946 3139 cipatum
962 3063 1028 3114 et
1048 3062 1424 3138 potestatem
1445 3052 1657 3126 sedet3
1679 3052 1938 3118 oculum
1966 3064 2171 3116 autem
2195 3070 2375 3115 suum
2399 3047 2463 3111 in
2486 3048 2685 3115 corda

662 3154 996 3225 hominum
1024 3155 1089 3219 in
1127 3168 1294 3219 terra
1328 3156 1671 3221 viventium
1703 3156 1897 3221 habet
1928 3168 2281 3230 extentum,
2314 3165 2389 3218 ut
2408 3152 2683 3239 eos,qui

661 3259 1002 3347 suscipiant
1029 3260 1108 3324 ab
1141 3281 1218 3323 eo
1244 3257 1545 3323 auxilium
1565 3306 1586 3335 ,
1626 3261 1883 3325 extollat
1910 3283 2010 3335 eo,
2043 3260 2153 3325 uhi
2187 3261 2319 3348 ipse
2348 3270 2465 3322 est.
2506 3256 2684 3335 Quo-

659 3366 833 3432 niam
868 3364 1115 3451 inquit:
1160 3388 1186 3421 ι
1231 3362 1352 3427 Ubi
1386 3385 1529 3427 sum
1559 3385 1676 3452 ego
1696 3412 1716 3440 ,
1760 3364 1887 3430 illic
1916 3388 2171 3453 quoque
2201 3361 2490 3428 minister
2520 3380 2691 3424 meus

657 3496 684 3531 ι
703 3468 826 3532 erit
846 3466 891 3531 ¹.
933 3495 960 3529 a
1001 3466 1081 3532 Et
1112 3467 1347 3531 iterum
1367 3466 1598 3534 Paulus
1630 3492 1647 3533 ε
1688 3497 1712 3529 ι
1742 3469 1949 3536 Simul
1967 3468 2385 3540 resuscitavit,
2414 3477 2481 3529 et
2511 3463 2696 3529 simul

659 3599 686 3634 ι
705 3573 925 3636 sedere
953 3570 1106 3637 fecit
1137 3573 1216 3637 ad
1249 3573 1571 3640 dexteram
1602 3598 1782 3642 suam
1810 3576 1973 3641 inter
1996 3574 2294 3641 Coelestes
2315 3569 2363 3635 ².
2394 3595 2419 3632 ι
2457 3566 2699 3635 Verum

665 3676 955 3743 animalia
986 3677 1231 3743 ratione
1257 3680 1557 3747 destituta
1588 3694 1735 3746 sunt
1762 3683 1952 3769 longe
1988 3676 2475 3769 intelligentiora
2508 3694 2696 3761 quam

655 3805 791 3849 nos.
839 3782 1347 3873 Unumquodque
1378 3786 1552 3852 enim
1581 3784 1819 3853 horum
1835 3788 2057 3854 unitur
2079 3788 2180 3862 iis,
2206 3806 2348 3874 quae
2368 3794 2518 3848 sunt
2536 3778 2697 3867 ejus-

657 3889 804 3954 dem
833 3899 1104 3965 naturae,
1141 3889 1406 3978 agrestia
1447 3892 1837 3978 agrestibus,
1870 3904 1936 3959 et
1968 3915 2117 3960 oves
2148 3913 2278 3960 ωε
2308 3885 2565 3978 speciei.
2601 3882 2696 3951 Tu

727 4035 744 4059 ¹
768 4020 917 4075 Joan.
935 4039 1030 4086 ιιι,
1055 4023 1138 4078 ⁸6.
1157 4049 1222 4063 —
1239 4037 1262 4075 9
1281 4023 1466 4089 Ephe.
1488 4041 1548 4105 ,¹¹-
1568 4027 1621 4090 ὅ.
1638 4028 1691 4083 6,
