2982 4885
646 481 773 560 ⁴28
1316 498 1366 542 s.
1419 496 1683 542 neum
1727 492 1996 541 notu-n

638 608 766 683 non
797 611 1009 679 valuit.
1051 611 1268 699 Itaque
1290 609 1489 677 aitei:
1525 606 1719 677 Mult'a
1745 633 1775 674 a
1804 621 1866 675 te
1897 608 2017 683 vis,
2051 607 2319 687 Macari,
2359 614 2537 701 qnod
2572 616 2689 683 ad-

638 742 853 787 versus
882 731 945 785 te
978 718 1135 787 nihil
1162 719 1358 784 valeo.
1399 716 1495 781 En
1526 715 1719 809 enim,
1754 714 2063 800 quidquid
2095 716 2252 803 agis,
2278 718 2403 806 ‘ego
2434 742 2686 807 qnoque

633 826 817 894 facio.
862 825 962 891 Tu
991 822 1136 889 cibo
1166 822 1476 897 abstines,
1511 834 1575 886 et
1603 841 1759 908 ego:
1808 818 2057 906 vigilan
2107 842 2226 909 ego
2263 823 2516 909 penitus
2553 848 2683 889 non

638 925 905 996 dormio.
962 914 1171 994 Unum
1219 929 1424 993 solum
1468 938 1564 991 est
1600 923 1663 989 in
1702 947 1832 1011 quo
1864 924 2063 988 vincis
2103 948 2226 992 me.
2270 927 2687 1015 Interrogavit

633 1034 848 1105 Akbas
869 1033 1205 1100 Macarius:
1224 1032 1565 1118 Quodnam
1588 1041 1684 1095 est
1709 1030 1908 1094 illud?
1930 1030 2311 1118 Respondit:
2339 1032 2680 1098 Humilitas

636 1152 762 1206 tua.
801 1140 896 1208 Ac
917 1151 1255 1228 propterea
1282 1139 1579 1202 advorsus
1607 1148 1673 1200 te
1701 1135 1856 1203 nihil
1883 1126 2161 1222 possum.

726 1244 875 1312 XII.
930 1245 1481 1331 Interrogaverunt
1510 1241 1768 1327 quidam
1802 1262 1840 1304 e
1881 1239 2160 1328 patribus
2188 1239 2506 1306 Abbatem
2543 1245 2689 1309 Ma-

643 1349 888 1419 euium
921 1348 1312 1436 AEgyptium,
1332 1347 1652 1412 dicentes:
1677 1344 1805 1435 Qut
1830 1343 1924 1417 fit,
1952 1356 2023 1408 ut
2047 1345 2171 1409 sive
2195 1348 2515 1421 comedas,
2547 1350 2684 1414 sive

642 1436 934 1540 jejunes(
963 1474 1193 1540 corpus
1237 1470 1420 1519 tunm
1463 1442 1709 1539 partini-⁶
1740 1448 2154 1529 siccum‘nit?
2203 1449 2682 1539 Responditqne

647 1556 770 1623 illis
800 1580 1023 1622 senex:
1051 1557 1321 1645 Lignum
1343 1540 1521 1642 quod
1551 1558 1767 1619 versut'
1785 1566 2099 1618 sarmenta
2130 1575 2268 1639 quae
2302 1555 2682 1621 comburun-

648 1672 779 1734 tur,
826 1662 1085 1726 omnine
1115 1662 1193 1726 ab
1226 1662 1370 1749 igne
1402 1659 1818 1725 eonsumitur.
1861 1657 2064 1722 Simili
2097 1660 2290 1723 modo
2319 1658 2372 1722 si
2405 1671 2676 1725 mentem

644 1788 824 1831 suam
856 1767 1046 1831 homo
1088 1764 1152 1829 in
1190 1765 1415 1829 timore
1437 1763 1554 1828 Dei
1580 1762 2014 1837 mundaverit,
2041 1763 2172 1851 ipse
2197 1764 2313 1827 Dei
2339 1763 2527 1828 timor
2549 1788 2677 1828 cor-
2706 1769 2719 1776 “
2788 1810 2797 1815 »

633 1888 762 1955 pus
781 1866 922 1953 ejus
944 1868 1282 1934 consumit.

722 1968 895 2039 xm.
957 1971 1285 2037 Profectus
1323 1989 1420 2036 est
1453 1973 1788 2059 aliqnando
1826 1973 2043 2039 Abbas
2089 1973 2461 2040 Macariura
2499 1972 2668 2038 Sceti

637 2073 705 2140 in
726 2075 1172 2151 Terenmhim
1196 2089 1264 2142 et
1285 2076 1601 2165 ingressus
1630 2090 1725 2142 est
1756 2076 1998 2153 sanum,
2027 2090 2104 2145 nt
2120 2081 2454 2153 dormiret.
2483 2079 2672 2144 Erant

640 2190 853 2245 nutem
896 2180 982 2245 ibi
1025 2193 1240 2247 vetera
1281 2182 1688 2248 ethnicorum
1738 2187 2083 2261 cadavera3
2126 2208 2165 2249 o
2202 2185 2434 2271 quibus
2478 2206 2670 2247 unum

638 2292 977 2373 acceptum
1000 2285 1212 2374 posuit
1235 2287 1354 2352 sub
1380 2285 1587 2375 capite
1613 2311 1753 2364 suo,
1781 2290 1955 2354 velut
1976 2290 2407 2355 embrimi‘um.
2437 2290 2673 2356 Daemo·

638 2406 754 2458 nes
773 2412 932 2481 ergo
953 2391 1165 2458 intuiti
1203 2392 1534 2459 audaciam
1564 2393 1737 2481 eius,
1768 2394 2001 2464 invidia
2030 2394 2201 2458 ducti
2230 2407 2420 2458 sunt:
2460 2418 2536 2461 ac
2569 2416 2679 2459 vo-

639 2494 841 2562 lentes
869 2515 1017 2563 eum
1057 2511 1317 2575 torrere,
1354 2501 1530 2570 velut
1563 2497 1888 2565 soeminam
1926 2501 2002 2562 de
2034 2496 2288 2561 nomine
2326 2485 2677 2572 voeabant,

643 2599 967 2696 dieentes:
1004 2603 1143 2675 Illa,
1178 2604 1319 2667 veni
1349 2604 1688 2667 nobiscum
1721 2606 1801 2668 ad
1830 2604 2162 2668 balneum:
2196 2599 2532 2687 respondit
2564 2625 2681 2665 au-

638 2714 769 2769 tem
806 2706 962 2771 alius
995 2707 1241 2771 daemou
1272 2707 1390 2771 sub
1424 2707 1559 2795 ipso
1592 2720 1891 2794 tanquam
1922 2730 1959 2772 e
1991 2704 2277 2778 mortuis,
2315 2703 2446 2768 sic:
2485 2704 2679 2769 Pere-

635 2808 889 2895 grinum
932 2809 1139 2874 habeo
1182 2831 1373 2899 super
1421 2834 1549 2887 me,
1604 2835 1722 2878 nec
1768 2834 2024 2900 possum
2068 2810 2302 2875 venire.
2360 2809 2445 2874 At
2488 2817 2713 2873 senex*-

637 2909 895 2976 territus
937 2932 1063 2982 non
1108 2928 1229 2989 est,
1262 2918 1376 2982 sed
1405 2919 1714 2983 audacter
1743 2916 2116 2981 verberabat
2147 2937 2378 3003 corpus
2402 2937 2417 2979 ε
2445 2915 2661 3000 Surge,

635 3012 959 3099 inquiens,
990 3018 1152 3082 vade
1182 3018 1247 3083 in
1281 3021 1576 3086 tenebras
1606 3020 1677 3086 si.
1686 3032 1883 3106 potes.
1926 3019 2073 3095 Quo
2107 3018 2328 3082 audito
2359 3020 2667 3083 daemones

631 3121 1064 3200 clamaverunt
1086 3145 1241 3188 voco
1271 3142 1537 3212 magna:
1567 3124 1779 3190 Vicisti
1813 3144 1945 3185 nos.
1979 3120 2147 3186 Tum
2172 3126 2422 3211 pudore
2445 3121 2662 3188 suffusi

634 3223 1034 3313 aufugerunt.
1075 3245 1094 3262 ⁴·
2323 3275 2330 3282 -

724 3328 897 3402 xlv.
950 3331 1263 3397 Dicebant
1292 3331 1372 3397 de
1403 3330 1654 3397 Abbate
1693 3329 1969 3396 Maeario
1995 3330 2317 3421 AEgyptim
2361 3334 2536 3420 qnod
2574 3353 2672 3395 as-

635 3433 913 3500 cendens
944 3460 983 3500 e
1013 3435 1218 3513 Sceti,
1266 3421 1339 3504 ac
1384 3439 1699 3525 sportulas
1739 3445 2025 3524 portans,
2072 3438 2437 3524 defatigatus
2478 3435 2669 3511 sedit,

638 3538 964 3627 oravitque
985 3541 1063 3605 ad
1086 3540 1261 3607 bunc
1286 3542 1549 3608 modum
1575 3543 1778 3609 Deus:
1820 3552 1889 3606 tu
1914 3542 2062 3616 scis,
2087 3542 2240 3607 nihil
2258 3538 2410 3603 mihi
2435 3539 2673 3603 virium

634 3666 980 3733 superesse.
1010 3645 1089 3711 Et
1114 3631 1284 3712 illico
1308 3647 1484 3735 juxta
1507 3648 1771 3712 fluvium
1794 3658 1892 3712 est
1915 3648 2181 3713 delatus.

728 3747 869 3815 XV.
926 3751 1203 3829 Quidam
1244 3753 1310 3817 in
1343 3754 1616 3840 AEgypto
1656 3750 1853 3817 filium
1902 3750 2179 3818 habebat
2221 3748 2666 3840 paralyticum,

633 3869 700 3924 et
735 3856 880 3921 tulit
910 3877 1059 3920 eum
1096 3857 1177 3922 ad
1198 3858 1425 3922 cellam
1449 3854 1714 3920 Abbatis
1737 3854 2026 3927 Macarii3
2067 3854 2429 3941 relinquens
2461 3865 2669 3918 autem

628 3961 714 4027 ad
726 3958 958 4025 ostium
981 3962 1365 4046 plorantem,
1380 3960 1569 4046 longe
1592 3958 1911 4025 abscessit.
1939 3958 2137 4046 igitur
2158 3980 2352 4024 senex
2375 3958 2668 4024 deorsum

2724 2921 2757 2938 ς·
