2982 4885
592 530 726 602 328
1268 554 1319 596 s.
1374 550 1639 598 uacum
1683 550 1950 597 actv-ru

590 668 940 738 ministerio
984 689 1098 733 suo
1143 667 1341 755 juvat.
1393 667 1561 734 Talis
1604 690 1796 755 porro
1848 667 1975 733 fide
2015 689 2233 734 carere
2273 692 2307 734 a
2351 669 2629 741 Domino

592 774 920 843 convictus
949 786 1070 847 est,
1104 773 1196 838 uti
1226 760 1413 861 supra
1438 772 1570 860 jam
1593 772 2019 861 significatum
2049 786 2143 840 est
2171 797 2186 839 ε
2232 801 2259 834 ι
2282 775 2660 856 Οιιοιῐιοᾶο,’

592 878 897 969 »potestis
923 879 1184 943 credere
1206 925 1223 952 ,
1257 900 1367 941 vos
1390 925 1407 951 ,
1443 877 1551 964 qui
1582 878 1847 965 gloriam
1888 879 1965 945 ab
1999 879 2269 944 invicem
2301 883 2583 971 accipitis
2605 930 2624 958 ,

591 997 700 1050 »et
729 983 1019 1073 gloriam,
1047 1005 1187 1070 quae
1229 1005 1261 1046 a
1286 983 1418 1047 solo
1453 982 1592 1047 Deo
1622 994 1740 1059 est,
1776 1006 1905 1048 non
1939 984 2216 1071 quaeritis
2241 982 2270 1048 P
2291 1012 2316 1046 ι

681 1089 861 1157 XIII.
916 1087 1277 1154 Cei-tamine
1314 1089 1519 1154 multo
1563 1101 1629 1153 et
1668 1087 1890 1155 labore
1919 1089 2183 1165 mentis,
2230 1111 2345 1178 per
2379 1101 2626 1154 sanctas

590 1193 1005 1285 cogitationes
1035 1204 1101 1259 et
1139 1192 1507 1259 continuam
1539 1216 1656 1283 pro
1689 1192 1986 1259 omnibus
2015 1192 2201 1258 bonis
2233 1195 2422 1258 rebus
2452 1192 2630 1259 solli-

592 1299 941 1366 citudinem
965 1297 1245 1378 charitas*
1267 1298 1331 1364 in
1360 1298 1590 1376 Deum,
1625 1298 1791 1365 sicut
1815 1299 2060 1364 dictum
2090 1311 2209 1374 est,
2240 1300 2318 1364 ab
2345 1299 2621 1375 bomine,

589 1417 785 1496 prout
812 1404 904 1471 fas
930 1417 1061 1482 est,
1104 1415 1315 1495 potest
1342 1405 1660 1471 exerceri:
1701 1406 1874 1492 quod
1909 1404 2299 1470 adversarius
2328 1403 2626 1490 impediat

590 1524 877 1578 mentem
898 1523 1204 1587 nostram,
1240 1533 1360 1578 nec
1388 1511 1599 1577 eidem
1627 1511 1976 1600 permittat,
2010 1522 2083 1574 ut
2113 1532 2228 1599 per
2256 1506 2630 1576 memoriam

590 1615 910 1684 bonarum
939 1640 1153 1683 rerum
1179 1605 1378 1683 amori
1403 1618 1618 1683 divino
1641 1629 1854 1691 vacet3
1880 1618 1994 1682 sed
2015 1615 2283 1681 terrenis
2306 1611 2628 1679 desideriis

594 1725 808 1790 sensui
853 1722 1274 1790 abblanditur.
1312 1722 1469 1788 Nam
1499 1744 1693 1794 mors,
1735 1734 1829 1794 et,
1860 1731 1932 1784 ut
1961 1720 2050 1783 sic
2086 1721 2332 1793 dicam,
2363 1741 2633 1808 suspen—

595 1827 774 1893 dium
806 1825 1039 1890 diaboli
1067 1834 1162 1888 est
1181 1872 1199 1897 ,
1233 1823 1486 1908 quando
1521 1823 1584 1885 in
1615 1820 1732 1885 Dei
1761 1821 2067 1884 charitate
2096 1833 2162 1885 et
2193 1824 2506 1887 memoria
2539 1823 2638 1887 in·-

595 1929 837 1993 divulse
887 1946 1288 1990 commorans
1333 1946 1511 1990 mens
1555 1924 1834 1987 humana
1891 1923 2221 2011 reperitur.
2280 1923 2450 1989 Hinc
2504 1928 2635 2013 jam

484 2021 569 2092 :3⁶5
590 2051 792 2122 prono
827 2029 1005 2126 quasi
1044 2028 1215 2095 flexu
1244 2027 1501 2093 illimis·
1482 2050 1547 2093 ιιι
1578 2026 1839 2092 fratrem
1868 2026 2051 2092 facile
2081 2030 2401 2093 redundat
2433 2030 2634 2118 chari·

591 2146 720 2210 tas,
761 2147 829 2201 et
857 2156 1005 2201 vera
1034 2133 1438 2224 simplicitas,
1483 2146 1552 2198 et
1579 2134 2034 2209 mansuetudo,
2072 2146 2138 2198 et
2170 2133 2529 2209 humilitas,
2567 2147 2633 2200 et

558 2221 957 2316 ''sinceritas,
998 2253 1065 2307 et
1096 2241 1375 2314 bonitas,
1419 2251 1486 2304 et
1519 2237 1650 2327 ipsa
1683 2237 1919 2312 oratio,
1966 2249 2472 2327 cunctarumque
2500 2237 2632 2304 sor-

597 2368 778 2414 mose
793 2346 1200 2435 resplendens
1219 2365 1453 2410 corona
1471 2342 1802 2418 virtutum,
1824 2364 1938 2431 per
1955 2342 2111 2407 illud
2129 2366 2332 2409 unum
2346 2357 2410 2410 et
2430 2347 2629 2409 solum

600 2467 667 2521 et
689 2454 969 2543 primum
997 2450 1352 2519 dilectionis
1372 2449 1490 2516 Dei
1511 2450 1880 2515 mandatum
1901 2450 2355 2539 perfectionem
2378 2452 2620 2540 accipit.

604 2559 969 2626 Certamine
998 2559 1189 2647 igitur
1218 2558 1421 2624 multo
1452 2568 1517 2622 et
1546 2567 1777 2622 conatu
1799 2558 2079 2633 occulto,
2109 2580 2229 2623 nec
2253 2558 2401 2623 soris
2424 2559 2631 2623 obser-

601 2663 795 2730 vabili
825 2658 1247 2727 contention‘is
1291 2660 1513 2726 labore
1540 2683 1699 2749 opus
1732 2674 1852 2738 est,
1894 2661 1958 2726 in
1990 2665 2486 2750 perscrutatione
2516 2686 2635 2728 co-

601 2767 1012 2857 gitationum,
1047 2765 1112 2829 in
1152 2764 1605 2831 exercitatione
1639 2764 2041 2843 infirmorum
2077 2768 2300 2834 animae
2332 2791 2631 2836 sensuum

598 2871 681 2937 ad
714 2867 1161 2935 discretionem
1191 2867 1343 2933 boni
1374 2880 1439 2934 et
1463 2870 1638 2944 mali,
1667 2870 1731 2935 in
1756 2858 2240 2939 corroborandis
2264 2885 2326 2938 et
2354 2874 2636 2939 excitan-

598 2974 696 3042 dis
739 2996 856 3062 per
899 2974 1247 3039 studiosam
1288 2996 1505 3040 versus
1549 2975 1756 3041 Deum
1790 2976 2256 3043 inclinationem
2287 2977 2626 3041 debilitatis

597 3076 822 3142 animae
876 3077 1199 3143 membris.
1258 3078 1352 3145 Ita
1401 3102 1582 3145 mens
1634 3092 1850 3146 nostra
1896 3082 2188 3148 continue
2232 3078 2362 3144 Deo
2408 3076 2626 3156 affixa,

588 3185 913 3251 coalescet
941 3184 1007 3249 in
1034 3205 1238 3248 unum
1260 3205 1409 3249 cum
1431 3184 1707 3252 Domino
1733 3186 2057 3275 spiritum,
2089 3186 2265 3278 juxta
2293 3186 2637 3252 oraculum

593 3286 795 3356 Pauli.

681 3391 853 3461 XIV.
909 3393 1086 3459 Hanc
1118 3403 1328 3457 autem
1365 3392 1732 3461 interiorem
1763 3397 2268 3474 contentionem,
2297 3397 2574 3464 laborem
2597 3446 2620 3472 ,

591 3508 657 3562 et
710 3497 1188 3561 meditationem
1207 3544 1226 3571 ,
1287 3497 1674 3567 incessanter
1726 3503 2016 3569 conferre
2076 3515 2325 3591 oportet
2377 3502 2633 3567 virtutis

591 3609 908 3664 amatores
940 3601 1020 3663 ad
1049 3622 1304 3666 omnem
1338 3603 1839 3672 observationem
1871 3608 2153 3673 mandati
2183 3608 2310 3672 sive
2342 3616 2630 3683 orantes,

587 3705 721 3772 sive
762 3703 1189 3774 ministrantes
1215 3757 1234 3785 ,
1287 3713 1695 3777 comedentes
1742 3712 2090 3800 quinetiam
2124 3726 2234 3778 aut
2278 3711 2567 3778 bibentes
2611 3736 2630 3775 ε

581 3823 657 3877 ut
705 3812 1154 3901 quodcumque
1196 3816 1456 3883 demum
1504 3817 1747 3883 bonum
1779 3820 1856 3884 ab
1890 3819 2039 3908 ipsis
2069 3818 2212 3894 fiet,
2259 3818 2325 3882 in
2358 3817 2638 3906 gloriam

582 3915 725 3992 Dei,
751 3927 817 3981 et
839 3939 965 3982 non
995 3917 1058 3984 in
1084 3932 1364 3987 nostram
1390 3916 1502 3987 fiat
1522 3922 1826 4011 gloriam;
1861 3947 2062 4015 prona
2096 3935 2307 3993 autem
2330 3934 2397 3989 et
2416 3918 2636 3988 facilia

657 4050 847 4136 fleon.
872 4067 923 4117 v,
947 4052 1032 4114 44.
