2982 4885
623 438 712 518 48
1295 462 1343 505 s.
1399 458 1661 509 masan
1704 460 1976 508 actvm

622 575 923 655 flectitur,
948 594 1070 644 nec
1103 577 1183 643 ad
1213 577 1358 645 vitia
1382 583 1512 647 ullo
1534 582 1728 647 modo
1755 583 2057 657 declinat,
2088 593 2275 669 atque
2296 583 2564 672 gratiam
2587 586 2653 653 in

624 684 795 747 nulla
820 705 887 747 re
903 682 1149 749 tristitia
1175 683 1390 761 afficit,
1411 698 1476 752 et
1498 698 1733 751 :eterna
1759 689 1959 754 salute
1976 710 2125 755 cum
2143 688 2441 755 omnibus
2464 690 2658 756 Sauc-

625 788 702 852 tis
737 788 922 876 digna
954 802 1268 866 censetur,
1310 794 1483 857 velut
1514 792 1588 857 iis
1623 791 1790 858 socia
1824 805 1889 859 et
1919 816 2134 861 comes
2165 793 2515 861 imitatione
2545 818 2655 862 eo-

625 916 795 971 rum,
821 894 888 961 in
907 899 1147 963 mundo
1171 910 1559 966 conversata.
1612 898 1839 968 Amen.
1923 926 1932 933 ·

623 1153 1090 1187 *mmm
1911 1154 2657 1187 mmmm

1375 1338 1776 1408 HOMILIA
1827 1337 1913 1408 V.

626 1566 907 1662 Magna
938 1565 1339 1663 defferentia
1374 1571 1560 1635 inter·
1594 1565 2040 1635 Christianos
2077 1577 2149 1633 et
2177 1563 2502 1633 homines
2529 1561 2661 1632 hu-

700 1683 834 1773 jus
858 1680 1123 1748 soecull.
1145 1684 1255 1748 Hi
1286 1682 1477 1746 enim
1502 1682 1754 1772 spiritu
1789 1705 1859 1746 m
1867 1679 2049 1745 andi
2065 1679 2364 1771 prceditc'
2383 1680 2660 1745 animo·

712 1806 923 1859 tenus
960 1813 1048 1856 ac
1095 1788 1310 1856 corde
1348 1787 1790 1855 terrestribus
1827 1787 2128 1855 vinculis
2165 1788 2402 1879 'vincti
2443 1802 2614 1854 sunt
2639 1811 2659 1851 :

718 1898 828 1971 illi
871 1922 1040 1970 vero
1088 1896 1456 1968 dilectione
1519 1897 1811 1968 coelestis
1855 1901 2094 1969 Patris
2138 1897 2411 1967 detenti
2426 1952 2447 1987 ,
2498 1922 2660 1968 eum
2706 1963 2716 1973 ,

726 2015 957 2111 solum
998 2012 1087 2084 ob
1123 2011 1372 2084 oculos
1406 2014 1480 2081 ιή
1521 2017 1727 2082 omni
1761 2012 2114 2083 desiderio
2153 2011 2442 2083 habent.

716 2242 764 2309 1.
818 2242 1008 2309 Auos
1044 2256 1139 2309 ost
1174 2240 1679 2308 Christianorum
1713 2244 2011 2317 mundus,
2045 2241 2215 2310 aliud
2242 2241 2384 2306 vitae
2408 2238 2660 2305 institu-

625 2361 789 2426 tum,
834 2349 951 2417 alia
987 2372 1201 2424 meus‚·
1239 2348 1395 2414 alius
1420 2370 1628 2414 sermo
1656 2360 1848 2435 atque
1868 2348 1987 2413 alia
2011 2370 2238 2435 opera:
2280 2358 2343 2411 et
2373 2344 2543 2409 aliud
2565 2355 2658 2409 est

625 2456 768 2548 yitae
815 2457 1174 2524 institutum
1213 2453 1548 2544 hominum
1588 2454 1792 2542 hujus⁴
1818 2454 2066 2529 mundi,
2114 2453 2231 2520 alia
2262 2474 2464 2527 mens»,
2502 2450 2658 2517 alius

625 2584 858 2641 sermo,
896 2577 1085 2653 atque
1117 2563 1235 2627 alia
1267 2553 1457 2650 op'era
1487 2584 1503 2625 ε
1553 2561 1727 2626 aliud
1757 2574 1903 2624 sunt
1936 2561 2047 2634 illi,
2081 2573 2146 2625 et
2173 2560 2342 2626 aliud
2364 2567 2510 2622 sunt
2540 2556 2606 2621 hi
2636 2577 2652 2620 ε

621 2684 687 2736 et
707 2690 934 2757 magna
955 2667 1306 2734 differentia
1329 2677 1423 2731 est
1448 2666 1612 2729 inter
1634 2663 1751 2728 hos
1773 2677 1837 2729 et
1861 2665 2016 2729 illos.
2055 2665 2455 2731 Habitatores
2486 2663 2656 2728 onim

622 2786 832 2849 terrae,
858 2786 924 2838 et
947 2770 1059 2836 filii
1082 2769 1273 2857 hujus
1296 2768 1508 2835 saeculi
1534 2768 1767 2833 similes
1791 2782 1936 2835 sunt
1959 2769 2272 2836 frumento
2290 2770 2355 2835 in
2371 2768 2649 2862 cribrum

619 2878 812 2966 hujus
865 2890 1046 2942 terrae
1101 2874 1425 2962 conjecto,
1484 2875 1721 2964 quippo
1772 2876 1880 2963 qui
1936 2889 2420 2944 commoventur
2462 2873 2646 2939 ssuxis

620 2982 814 3070 hujus
863 2980 1086 3048 mundi
1142 2979 1653 3068 cogitationibus,
1714 2993 1778 3046 et
1827 2979 2274 3068 jactationibus
2330 2977 2646 3069 perpetuis

618 3102 1014 3155 terrenarum
1032 3110 1268 3162 rerum,
1293 3085 1750 3152 desideriorum
1776 3109 1848 3153 ac
1867 3088 2178 3154 variarum
2194 3087 2645 3176 cogitationum

622 3215 1013 3268 crassarum3
1063 3192 1340 3280 jactante
1389 3192 1626 3257 animas
1661 3191 1920 3288 Satana,
1958 3206 2022 3259 et
2055 3194 2374 3258 cribrante
2407 3191 2642 3266 cribro,

618 3298 740 3365 hoc
772 3311 888 3373 est,
925 3298 1114 3378 robus
1147 3297 1434 3371 terrenis,
1489 3320 1678 3363 omne
1723 3321 1919 3387 genus
1962 3299 2336 3376 humanum,
2383 3307 2643 3388 peccato

620 3407 965 3473 obnoxium
1005 3428 1039 3469 a
1076 3415 1363 3492 tompore
1391 3405 1603 3491 lapsus
1635 3402 1825 3481 Adae,
1868 3404 1975 3492 qui
2005 3416 2426 3494 transgressus
2462 3425 2644 3468 man·-

621 3511 862 3587 datum,
912 3511 976 3576 in
1022 3510 1322 3600 principis
1368 3509 1622 3575 malitiae
1670 3522 2045 3598 potestatem
2103 3512 2287 3577 venit.
2352 3510 2492 3587 Qua
2541 3510 2645 3572 ille

616 3628 901 3706 accepta,
945 3616 1265 3705 perpetuis
1302 3613 1599 3680 fraudum
1638 3627 1703 3681 et
1730 3616 2276 3706 perturbationum
2309 3611 2644 3699 cogitatio·-

612 3724 799 3792 nibus
842 3722 1113 3797 cribrat,
1157 3733 1220 3785 et
1252 3721 1494 3787 collidit
1524 3721 1734 3788 cribro
1776 3734 1957 3787 terrae
1987 3742 2208 3785 omnes
2235 3716 2397 3783 filios
2447 3717 2639 3804 hujus

607 3827 841 3895 saeculi.

695 3934 775 4000 11.
831 3931 1388 4015 Quemadmodum
1417 3931 1589 4000 enim
1620 3930 1684 4026 in
1718 3930 1928 3998 cribro
1951 3928 2234 3998 triticum
2260 3951 2294 3996 a
2319 3927 2637 3997 cribrante
