2982 4885
602 544 726 620 132
1274 561 1323 611 ι.
1377 553 1642 613 uicina
1687 559 1959 612 ,Μῖνι-ιι

575 710 747 776 rego,
781 706 891 750 rex
919 657 1176 772 inquam
1204 678 1541 749 Persarum
1564 707 1713 750 cum
1748 707 1897 774 rege
1923 681 2395 759 Romanorum,
2429 703 2625 775 opor·

585 806 680 859 tet
719 789 977 856 omnino
1010 785 1138 854 ‘hos
1186 810 1368 877 reges
1415 789 1497 853 ad
1536 788 1779 854 bellum
1826 787 2220 860 commoveri
2264 811 2412 860 cum
2456 789 2627 856 omni

586 887 867 964 exercitu
892 918 966 961 ac
997 893 1197 959 milite
1220 915 1356 958 suo.
1394 893 1729 983 Perpende
1751 917 1903 983 ergo
1927 906 2159 983 quanta
2195 907 2301 960 tua
2327 896 2407 960 sit
2437 893 2629 983 digni·

587 1016 705 1077 tas,
740 1024 887 1067 cum
920 1000 1090 1066 Deus
1120 1012 1331 1064 motus
1370 998 1450 1064 sit
1480 1021 1631 1065 cum
1661 1002 1838 1065 omni
1871 1023 1988 1066 suo
2019 1000 2327 1076 exercitu,
2354 1001 2628 1089 Angelo-

587 1129 734 1174 rum
784 1107 1041 1195 inquam
1089 1117 1198 1170 aut
1241 1104 1609 1193 spirituum,
1657 1108 1737 1172 ad
1780 1105 2309 1184 committendum
2355 1122 2650 1194 pugnam·

588 1235 737 1277 cum
770 1211 1153 1285 adversario,
1190 1222 1261 1275 ut
1285 1222 1347 1275 te
1382 1211 1727 1277 redimeret
1763 1234 1798 1277 a
1833 1213 2074 1277 morte!
2113 1213 2283 1278 Deus
2312 1210 2506 1301 igitur
2539 1232 2633 1274 ve-

588 1317 686 1384 nit
720 1317 813 1384 tui
843 1340 1049 1382 causa.
1969 1395 1976 1400 ‚

677 1419 930 1490 XLVII.
981 1420 1253 1489 Perinde
1290 1443 1362 1488 ac
1401 1421 1452 1488 si
1497 1422 1578 1489 sit
1612 1444 1748 1499 rex,
1791 1424 1900 1512 qui
1937 1422 2000 1499 in
2025 1446 2373 1514 pauperem
2411 1444 2633 1512 quem-

593 1530 766 1603 dam,
814 1525 1000 1614 cujus
1043 1526 1330 1593 membra
1377 1528 1590 1595 omnia
1637 1530 1810 1620 lepra
1863 1531 2163 1621 pervasit,
2213 1531 2475 1607 incidat,
2517 1550 2638 1598 nec

590 1634 925 1699 erubescat
946 1633 1405 1698 medicamenta
1433 1634 1571 1721 ejus
1597 1637 1967 1703 vulneribus
1993 1640 2353 1712 admovere,
2383 1659 2457 1701 ac
2482 1636 2640 1700 adeo

593 1751 775 1805 curet
799 1739 937 1823 ejus
964 1738 1215 1820 plagas;
1249 1736 1557 1820 illumque
1575 1750 1795 1822 postea
1821 1740 1992 1826 regia
2023 1762 2240 1802 mensa
2272 1752 2644 1823 exceptum,

587 1861 865 1932 purpura
900 1837 1143 1907 induat,
1188 1857 1260 1899 ac
1301 1858 1514 1922 regem
1546 1838 1733 1903 saciat
1763 1862 1778 1900 ε
1815 1838 1905 1902 sic
1941 1861 2196 1926 quoque
2233 1839 2405 1902 Deus
2437 1859 2507 1901 se
2538 1861 2648 1903 ex-

586 1943 798 2016 hibuit
820 1940 1096 2006 humano
1121 1938 1371 2026 generi3
1401 1939 1601 2004 abluit
1625 1941 1790 2006 illius
1814 1944 2096 2018 vulnera,
2116 1954 2179 2008 et
2198 1940 2438 2008 sanavit
2454 1941 2643 2019 illud.

594 2062 781 2134 atque
805 2042 1156 2107 introduxit
1189 2041 1252 2105 in
1287 2044 1611 2108 coelestem
1640 2045 2014 2113 thalamum.
2046 2049 2313 2114 Maxima
2335 2047 2526 2135 igitur
2544 2061 2645 2114 est

596 2146 1098 2217 Christianorum
1145 2143 1439 2234 dignitas,
1491 2159 1664 2215 tanta
1712 2152 2000 2239 quidem,
2034 2166 2130 2232 ut,
2179 2153 2354 2242 quod
2387 2175 2536 2218 cum
2566 2174 2643 2217 ea

597 2262 1025 2343 comparetur,
1060 2273 1190 2316 non
1223 2250 1320 2316 sit.
1371 2251 1438 2317 Si
1475 2277 1627 2319 vero
1671 2255 1750 2321 ad
1780 2257 2202 2325 desectionem
2236 2260 2547 2326 excitetur
2578 2270 2645 2323 et

593 2358 977 2448 subripiatur
1013 2379 1047 2421 a
1084 2356 1349 2432 malitia,
1397 2359 1663 2447 perinde
1711 2373 1831 2436 est,
1877 2385 1953 2428 ac
2000 2364 2051 2428 si
2091 2365 2172 2429 sit
2211 2363 2452 2438 civitas,
2504 2384 2644 2451 quae

595 2464 795 2532 muris
817 2463 1026 2529 cincta
1048 2483 1177 2529 non
1201 2474 1318 2542 est,
1352 2486 1544 2551 quam
1570 2466 1878 2533 invadunt
1910 2470 2206 2546 latrones,
2244 2466 2645 2557 quacumque

595 2586 778 2663 parte
804 2572 1050 2642 volunt.
1089 2573 1263 2635 nulla
1296 2572 1557 2634 omnino
1591 2595 1659 2635 ne
1691 2573 2006 2659 impediti,
2042 2597 2312 2659 eamque
2336 2576 2648 2641 desertam

600 2677 901 2753 reddunt,
937 2696 1009 2738 ac
1040 2673 1357 2746 incendio,
1389 2672 1787 2759 flammisque
1819 2676 2117 2740 tradunt:
2151 2676 2240 2740 sic
2269 2678 2423 2743 dum
2445 2678 2648 2768 negli-

590 2780 696 2869 gis
728 2791 790 2844 te
822 2779 1053 2866 ipsum,
1087 2789 1152 2840 et
1181 2775 1405 2861 frigide
1442 2775 1553 2838 tibi
1587 2775 1718 2862 ipse
1750 2777 2052 2862 attendis,
2093 2780 2371 2848 subeunt
2410 2795 2475 2849 te
2519 2784 2652 2875 spi-

604 2883 763 2949 ritus
812 2877 1098 2951 malitiae,
1142 2889 1329 2963 atque
1376 2876 1733 2944 deformant
1775 2891 1962 2968 atque
2008 2885 2325 2952 desertam
2371 2886 2654 2953 reddunt

605 2999 889 3057 mentem
936 2996 1134 3056 tuam,
1180 2981 1610 3071 dispergentes
1655 2985 2064 3075 cogitationes
2105 3002 2243 3057 tuas
2273 2988 2496 3078 inbhoc
2526 2998 2653 3056 ιώ-

610 3097 851 3161 culum.

696 3192 979 3264 XLVIII.
1041 3190 1221 3259 Multi
1265 3191 1460 3268 enim,
1511 3193 1618 3280 qui
1652 3196 1819 3263 circa
1851 3212 2260 3266 externarum
2296 3221 2512 3265 rerum
2550 3198 2653 3265 in·-

611 3288 1013 3393 quisitionem
1057 3310 1385 3385 satagunt,
1442 3310 1509 3363 et
1551 3300 1878 3371 scientiam
1929 3309 2256 3381 excolunt,
2306 3327 2383 3371 ac
2430 3325 2649 3372 curam

610 3421 787 3509 recte
818 3404 1064 3472 vivendi
1094 3404 1355 3479 habent,
1386 3403 1555 3470 hunc
1586 3421 1881 3496 reputant
1905 3410 2285 3497 perfectum,
2312 3433 2443 3477 non
2467 3409 2652 3499 inspi-

614 3501 852 3583 cientes
877 3513 940 3576 in
965 3531 1099 3585 cor,
1124 3533 1244 3574 nec
1269 3509 1553 3577 videntes
1576 3513 1881 3580 malitiam
1907 3515 2181 3585 animam
2201 3515 2644 3582 involventem.

616 3606 945 3711 Siquidem
973 3637 1152 3678 mens
1187 3613 1469 3690 interior,
1513 3618 1748 3683 malitia
1781 3631 2052 3696 scatens,
2090 3623 2335 3688 radices
2365 3619 2560 3685 mittit
2588 3619 2653 3684 in

613 3726 856 3812 reliqua
902 3719 1231 3786 membra·
1279 3732 1343 3782 et
1394 3708 1580 3796 latro,
1637 3721 1762 3787 hoc
1814 3732 1935 3796 est,
1986 3723 2337 3799 adversaria
2381 3738 2650 3814 potestas

617 3832 883 3897 domum'
914 3826 1190 3914 ingressa
1213 3836 1326 3889 est.
1368 3804 1694 3890 Contraria
1728 3824 1920 3913 igitur
1947 3839 2221 3916 potestas
2252 3829 2444 3895 etiam
2469 3830 2653 3894 intel·-

616 3930 903 4002 lectualis
926 3939 1038 3995 est.
1064 3928 1146 3993 Et
1173 3928 1291 3994 nisi
1324 3930 1463 4016 quis
1495 3929 1733 3997 bellum
1769 3928 1935 3996 ineat
1968 3934 2268 4000 adversus
2290 3946 2649 4022 peccatum,

609 4036 919 4131 paulatim
948 4032 1202 4105 'malitia
1228 4032 1401 4104 intus
1435 4034 1664 4111 latens,
1698 4031 1893 4105 effusa
1924 4058 2052 4127 prae
2089 4037 2282 4109 nimia
2314 4040 2498 4130 copia
2542 4036 2653 4135 ⁸¹¹7
