2982 4885
711 485 847 569 448
1312 458 1365 548 s.
1417 501 1686 552 nummi
1734 497 2156 549 munuum

715 634 863 707 ante
901 616 1183 710 supremi
1214 616 1461 685 «iudicis
1491 616 1913 699 sententiam,
1945 637 1981 681 3
2018 615 2415 683 conscientia
2444 621 2760 711 perpetim

712 726 1053 815 judicatur.

770 831 909 897 111.
963 828 1081 895 Hic
1102 826 1318 895 Abba·
1349 814 1687 931 Macarius,
1723 825 1983 892 Domini
2003 825 2157 901 mci,
2194 825 2424 916 inquit,
2468 853 2621 920 rogo
2649 855 2757 898 vos

712 949 786 1003 ut
820 948 887 1003 et
904 935 1061 1002 illud
1091 931 1249 999 mihi
1272 954 1589 1022 exponere
1623 929 1989 1020 dignemini.
2023 931 2558 1025 Quandoquidem
2580 936 2667 1001 ita
2691 960 2760 1002 se

716 1067 817 1110 res
847 1042 1080 1116 habet,
1123 1039 1279 1128 quid
1322 1037 1645 1104 commodi
1681 1040 1758 1104 ad
1794 1037 2073 1103 animam
2106 1062 2187 1103 ex
2222 1062 2300 1103 eo
2346 1040 2473 1105 ritu
2503 1043 2756 1118 redeat,

717 1149 828 1240 qui
857 1145 892 1214 3
933 1147 1221 1239 patribus
1262 1144 1497 1211 nostris
1535 1145 1859 1210 institutus
1890 1153 2018 1219 est,
2054 1144 2146 1209 uti
2197 1145 2410 1220 tertia,
2444 1160 2512 1212 et
2553 1170 2754 1224 nona,

718 1266 907 1343 atque
945 1252 1097 1318 item
1133 1250 1611 1340 quadragesima
1646 1246 1747 1315 die
1785 1249 2025 1314 oblatio
2056 1236 2184 1316 Deo
2223 1247 2264 1311 s
2269 1262 2330 1313 at
2369 1242 2434 1315 in
2470 1250 2760 1319 Ecclesia

719 1380 836 1480 pro
866 1354 1210 1423 defuncto?
1241 1343 1493 1430 Dicem,
1521 1354 1727 1441 inquit
1752 1354 2072 1443 Angelus·
2109 1351 2273 1419 Nihil
2299 1353 2560 1418 omnino
2585 1356 2762 1422 Deus

720 1464 786 1530 in
829 1462 1113 1530 Ecclesia
1150 1486 1262 1529 333
1295 1474 1401 1528 aut
1448 1461 1678 1526 frustra
1719 1458 1857 1526 ficri
1894 1458 2221 1549 permisit,
2256 1472 2362 1523 aut
2402 1459 2758 1527 inutiliter·

728 1592 950 1637 verum
987 1568 1263 1636 coelestia
1314 1592 1426 1634 333
1482 1581 1550 1635 et
1591 1582 1841 1633 terrena
1884 1566 2186 1656 mysteria
2222 1566 2286 1630 in
2331 1565 2618 1633 Ecclesia
2653 1591 2760 1634 sun

725 1675 1012 1742 adhiberi
1041 1673 1397 1750 concessit,
1435 1673 1746 1763 jussitque
1780 1671 2014 1763 peragi.
2063 1671 2226 1737 Cum
2247 1672 2426 1741 enim
2459 1674 2641 1739 tertia
2665 1671 2761 1739 die

706 1772 960 1847 ”oblatio
1005 1779 1070 1844 in
1099 1779 1383 1844 Ecclesia
1413 1777 1486 1845 fit
1508 1830 1526 1856 ,
1566 1782 1857 1847 levamen
1897 1777 2161 1866 aliquod
2193 1777 2466 1853 doloris,
2507 1801 2694 1867 quem
2721 1800 2756 1844 ο

730 1885 1014 1973 corporis
1059 1884 1454 1971 sejunctione
1490 1876 1734 1960 sentit,
1773 1885 1983 1950 anima
2029 1883 2317 1971 defuncti
2362 1885 2438 1949 ab
2479 1886 2755 1973 Angelo,

723 1988 907 2074 cnjus
946 1986 1011 2051 in
1047 1999 1358 2075 potestate
1385 2001 1520 2064 est,
1558 1989 1794 2077 accipit
1823 2015 1842 2063 3
1882 1990 2394 2077 quandoquidem
2425 2011 2538 2078 pro
2580 2010 2654 2067 ee
2690 1989 2758 2063 in

727 2090 1009 2159 Ecclesia
1038 2090 1398 2165 benedictio
1427 2105 1495 2158 et
1526 2093 1764 2165 oblatio
1789 2093 1924 2159 Deo
1949 2091 2329 2160 offeruntur.
2366 2093 2456 2159 Ac
2484 2104 2622 2158 tum
2650 2115 2757 2182 spe

719 2196 912 2263 etiam
938 2190 1231 2263 meliore
1245 2196 1567 2287 impletur.
1617 2198 1899 2264 Biduum
1948 2198 2121 2265 enim
2157 2199 2315 2264 illud
2352 2199 2592 2279 animae’
2612 2220 2756 2287 per-

722 2302 1030 2379 mittitur,
1072 2315 1147 2368 ut
1178 2325 1308 2370 una
1348 2326 1499 2370 cum
1538 2303 1833 2394 Angelis,
1875 2303 1985 2392 qui
2015 2304 2075 2369 ei
2119 2317 2348 2392 praesto
2380 2316 2571 2378 sunt,
2608 2324 2763 2390 quo-

732 2431 1007 2498 cumque
1030 2407 1278 2492 animus
1308 2410 1565 2488 tulerit,
1600 2409 1665 2475 in
1694 2423 1897 2476 terras
1931 2409 2287 2475 descendat.
2328 2402 2763 2496 Quaecumque

732 2517 933 2606 igitur
960 2514 1243 2605 corporis
1278 2515 1373 2580 sui
1405 2538 1623 2582 amore
1652 2515 1945 2592 ducitur,
1978 2516 2074 2579 vel
2096 2514 2354 2576 domum
2386 2511 2568 2577 illum
2595 2513 2758 2588 abit,
2775 2567 2784 2573 .

726 2620 839 2685 ubi
870 2640 1204 2709 &corpore
1226 2619 1517 2707 sejuncta
1550 2619 1694 2697 suit,
1732 2621 1833 2686 vel
1864 2620 2033 2686 circa
2070 2618 2431 2706 sepulcrum
2453 2632 2762 2693 versatur,

731 2728 798 2795 in
831 2749 958 2814 quo
982 2746 1211 2813 corpus
1234 2747 1418 2789 suum
1446 2723 1776 2814 conditum
1807 2726 1997 2815 jacet.
2028 2724 2234 2813 Atque
2263 2722 2352 2788 ita
2382 2723 2647 2811 quidem
2674 2723 2767 2790 hi-

732 2828 1113 2897 duum-illud
1133 2827 1419 2905 insumit,
1445 2829 1618 2897 haud
1638 2855 1820 2898 secus
1849 2854 1924 2898 ac
1956 2831 2196 2897 avicula
2234 2831 2393 2894 solet
2430 2829 2652 2895 nidum
2679 2849 2771 2893 re·

735 2935 1008 3023 quireus.
1038 2935 1135 3002 Ac
1160 2935 1267 3025 pie
1299 2935 1532 3014 anima,
1566 2961 1641 3005 ac
1673 2938 1924 3005 virtutis
1955 2927 2201 3017 amans,
2229 2937 2311 3002 ad
2341 2936 2444 3003 ina
2469 2938 2607 3001 loca
2627 2954 2768 3021 pro-

734 3032 1065 3115 ficiscitur,
1092 3038 1156 3105 in
1188 3040 1421 3132 quibus
1441 3041 1741 3130 pietatem
1762 3064 2061 3107 exercere
2087 3043 2270 3107 solita
2287 3040 2428 3108 suit.
2454 3036 2768 3104 Caeterum

738 3143 924 3211 tertia
948 3143 1051 3210 die
1080 3144 1209 3222 ille,
1234 3146 1343 3234 qui
1373 3170 1410 3212 3
1431 3146 1699 3218 mortuis
1722 3145 1906 3210 tertia
1937 3144 2040 3210 die
2062 3145 2438 3222 resurrexit,
2451 3142 2763 3218 Christus,

737 3250 847 3318 ille
873 3251 1165 3317 omnium
1192 3251 1397 3326 Deus,
1423 3272 1649 3315 omnes
1682 3247 2191 3318 Christianorum
2219 3253 2457 3318 animas
2488 3247 2687 3315 attolli
2705 3247 2768 3320 in

642 3341 671 3360 ⁴*
733 3357 929 3423 coelos
957 3354 1163 3445 jubet,
1191 3358 1271 3423 ad
1286 3353 1705 3421 imitationem
1715 3355 2207 3444 resurrectionis
2223 3381 2380 3434 suae,
2397 3371 2471 3423 ut
2487 3351 2770 3422 omnium

738 3459 1003 3527 adorent
1030 3460 1255 3527 Deum.
1289 3456 1486 3552 Recte
1519 3459 1712 3549 igitur
1739 3484 1880 3528 mos
1913 3457 2019 3529 ille
2041 3461 2128 3528 “ab
2159 3462 2440 3528 Ecclesia
2471 3462 2772 3528 observa-

733 3579 875 3647 tur,
922 3579 997 3633 ut
1034 3565 1218 3633 tertia
1248 3566 1351 3633 die
1383 3589 1500 3657 pro
1538 3569 1749 3648 anima
1790 3568 2076 3636 defuncti
2106 3567 2373 3641 oblatio,
2417 3586 2774 3658 precesque

735 3669 911 3740 fiant.
947 3671 1114 3761 Ergo
1144 3671 1257 3739 ubi
1293 3672 1504 3740 Deum
1548 3687 1843 3742 venerata
1865 3688 2019 3753 est,
2057 3675 2236 3762 jubet
2264 3671 2405 3750 ille,
2440 3683 2514 3736 ut
2546 3671 2774 3752 animie

740 3776 833 3843 illi
866 3785 1053 3844 variae
1079 3778 1504 3867 jucundaeque
1548 3793 1920 3847 sanctorum
1959 3783 2175 3855 sedeS,
2212 3791 2472 3866 totaque
2501 3776 2773 3867 paradisi

741 3881 1030 3970 voluptas
1047 3895 1235 3972 atque
1247 3883 1555 3974 elegantia
1580 3865 1977 3963 ostendatur,
2003 3884 2216 3952 ethaec
2228 3908 2304 3951 ea
2324 3883 2538 3950 omnia
2554 3881 2775 3950 diebus

734 4005 848 4057 sex
872 3990 1237 4092 cognoscit,
1262 3988 1627 4108 admirans,
1658 3991 2081 4108 laudibusque
2109 3988 2567 4098 concelebens
2597 3961 2775 4102 erqu-

890 4107 921 4136 U
