2982 4885
664 513 810 604 398·
1342 523 1391 567 ο.
1443 522 1709 566 uacant
1751 522 2022 568 aarum

663 632 856 721 hujus
908 630 1052 703 vitae
1089 626 1254 692 bona
1276 672 1294 699 ,
1326 644 1469 710 quae
1502 622 1915 686 instrumenta
1953 623 2121 687 bene
2162 628 2476 712 operandi
2520 628 2706 694 bonis

660 750 808 813 mut
831 736 896 813 in
915 732 1186 803 solidum
1203 728 1344 815 ejus
1359 727 1639 794 dominio
1655 727 2005 816 subjacent.
2035 728 2301 797 Terram
2316 745 2383 798 et
2408 734 2715 802 universa*

657 865 798 934 quae
817 842 918 907 illa
935 838 1056 909 fert
1076 848 1183 903 aut
1198 833 1480 900 continet
1500 858 1519 908 ς
1540 835 1744 923 ipsum
1761 855 2015 921 corpus,
2043 834 2243 922 ipsam
2264 838 2565 916 animam,
2593 842 2710 907 sed

661 960 727 1017 et
767 948 974 1036 ipsum
1005 964 1173 1017 esse,
1208 940 1400 1006 homo
1436 960 1550 1027 per
1592 938 1857 1026 gratiam
1894 938 2105 1005 habet.
2145 941 2323 1021 Quid
2360 945 2542 1033 igitur
2575 945 2705 1035 ipsi

666 1049 1045 1138 relinquitur
1075 1044 1427 1136 proprium,
1461 1043 1632 1108 unde
1661 1044 1855 1131 possit
1884 1044 1948 1109 in
1980 1044 2431 1115 confidentiam
2462 1051 2704 1128 inflari,

663 1168 772 1221 aut
803 1175 977 1243 spem
1007 1150 1348 1236 concipere
1374 1171 1521 1217 vera
1546 1147 1785 1217 rationo
1813 1149 2024 1215 nixam
2050 1151 2377 1218 obtinendi
2404 1155 2713 1222 districto

654 1260 896 1353 judicio
928 1257 1105 1346 quasi
1136 1256 1278 1343 jure
1307 1255 1425 1320 sibi
1459 1254 1745 1319 debitum
1778 1254 2144 1344 quidpiam?
2176 1257 2486 1324 Caeterum
2523 1262 2699 1328 hane

663 1367 1005 1434 maximam
1034 1385 1112 1427 ex
1130 1359 1490 1426 hominibus
1520 1359 1691 1425 Deus
1719 1361 1990 1448 percipit
2013 1362 2268 1449 gratiam
2292 1386 2313 1435 ς
2345 1376 2412 1429 et
2448 1363 2579 1431 hoc
2613 1390 2719 1432 ex·

665 1475 742 1545 iis
775 1494 912 1560 qnae
946 1469 1064 1558 ipsi
1092 1466 1447 1533 offeruntur
1482 1487 1683 1530 unum
1722 1466 1909 1553 longe
1947 1466 2476 1552 jucundissimum
2520 1471 2703 1536 acei-

666 1581 800 1655 dit3
831 1578 1036 1644 anima
1059 1596 1182 1649 res,
1210 1571 1301 1636 uti
1319 1593 1386 1636 se
1411 1591 1559 1634 vere
1582 1568 1819 1635 habent
1846 1584 2141 1658 agnoscat
2156 1596 2174 1645 ς
2194 1584 2259 1636 et
2281 1593 2699 1663 quaecumque

661 1686 818 1756 facit
845 1683 1035 1754 bona,
1076 1695 1497 1764 quaecumque
1525 1687 1788 1762 propter
1814 1675 2021 1741 Deum
2053 1678 2215 1741 mala
2248 1680 2500 1753 tolerat,
2537 1694 2707 1767 qum*

670 1809 944 1874 cumque
976 1778 1264 1866 intelligit
1292 1789 1356 1843 et
1379 1777 1605 1855 sentit,
1640 1778 1910 1867 imputet
1945 1804 2243 1868 supremo
2274 1782 2605 1872 Largum-i,
2632 1796 2696 1850 et

667 1894 778 1965 uni
811 1892 869 1957 ei
898 1897 1158 1974 accepta
1188 1883 1440 1951 reserat.

755 1997 870 2067 lx.
923 1993 1103 2059 Sicut
1139 1989 1478 2065 lsrafflitas,
1530 1991 1740 2076 quoad
1774 1988 2033 2076 quidem
2073 1994 2156 2056 ad
2203 1992 2458 2059 Domini
2499 1993 2729 2059 bene-si-

664 2103 970 2195 placitum
1015 2121 1085 2163 se
1120 2095 1595 2163 contbrmarunt
1634 2093 1657 2178 (
1693 2094 1809 2158 etsi
1849 2115 2175 2181 nunquam
2224 2098 2290 2164 id
2328 2099 2417 2165 illi
2455 2122 2526 2163 ea
2569 2119 2693 2186 qua

659 2220 1031 2301 oportuerat
1046 2202 1364 2291 diligentia
1385 2201 1758 2287 fecerunt.)
1791 2223 2014 2266 verum
2050 2204 2335 2289 quandiu
2373 2206 2591 2270 saltem
2633 2205 2695 2268 in

661 2315 941 2406 speciem
980 2332 1129 2377 sana
1159 2308 1222 2372 in
1241 2326 1392 2372 eum
1423 2302 1552 2370 fide
1580 2328 1648 2370 se
1670 2305 1966 2394 praeditos
1990 2320 2339 2397 utcumque
2364 2300 2699 2401 operando

660 2426 1117 2492 monstrarunt,
1142 2412 1440 2480 columna
1461 2410 1626 2500 ignis
1648 2422 1711 2477 et
1742 2412 1945 2478 nubes
1969 2414 2249 2502 praeibat,
2276 2437 2451 2479 mare
2475 2427 2707 2480 autem

662 2527 739 2595 iis
772 2525 925 2592 dans
955 2518 1308 2586 transituris
1338 2518 1505 2582 viam
1536 2517 1875 2582 recedebat
1893 2542 1911 2592 ς
1945 2519 2179 2608 ipsique
2210 2518 2712 2603 innumerisque

667 2629 807 2710 aliis
833 2625 1030 2712 adjuti
1053 2624 1229 2689 miris
1252 2623 1549 2709 operibus
1574 2621 1789 2697 fuere3
1818 2627 2073 2711 quando
2096 2635 2298 2689 autem
2325 2643 2358 2684 a
2381 2619 2708 2688 fidelitate

663 2735 799 2804 Deo
841 2731 1050 2798 debita
1098 2728 1514 2803 defecerunt,
1559 2740 1712 2795 tunc
1755 2743 1819 2794 et
1865 2729 2153 2794 hostibus
2187 2738 2332 2792 sunt
2363 2727 2598 2802 dediti,
2639 2740 2703 2792 et

666 2839 819 2914 diris
841 2835 1247 2903 servitutibus
1268 2835 1462 2901 attriti
1482 2848 1648 2900 sunt.
1679 2834 1783 2899 Sic
1804 2847 1865 2898 et
1886 2848 1953 2898 tu
1973 2846 2193 2919 reputa
2208 2832 2439 2897 similia
2458 2833 2627 2897 conti
2634 2856 2701 2897 n·

664 2967 814 3034 gere
838 2942 1085 3016 animae,
1105 2927 1436 3027 postquam
1461 2963 1576 3029 per
1588 2938 1851 3025 gratiam
1878 2937 2082 2999 Deum
2113 2951 2464 3019 agnoverat
2480 2964 2498 3013 ;
2531 2949 2707 3025 post--

663 3071 853 3136 quam
888 3069 922 3110 a
954 3046 1169 3111 multis
1202 3068 1316 3132 per
1338 3067 1484 3109 eum
1510 3041 1796 3106 sordibus
1829 3037 2036 3099 suerat
2071 3037 2283 3101 abluta
2304 3087 2323 3113 ,
2354 3044 2693 3129 gratiisque

660 3163 965 3243 proeterea
982 3153 1304 3222 exornata,-
1326 3168 1471 3210 cum
1488 3142 1677 3206 fidem
1696 3138 2197 3228 charitatemque
2211 3154 2305 3208 tot
2324 3147 2697 3212 nominibus

660 3258 906 3344 debitas
942 3252 1178 3324 coelesti
1203 3271 1316 3314 suo
1346 3246 1587 3331 Sponso
1622 3243 1702 3305 ad
1728 3254 2089 3310 extremum
2126 3269 2256 3314 non
2289 3253 2692 3338 praestiterit‚

661 3377 735 3436 ut
764 3361 1011 3432 excidat
1037 3357 1188 3426 vita,
1223 3348 1406 3432 cujus
1439 3345 1753 3436 particeps
1774 3363 1912 3414 erat
1947 3351 2195 3420 effecta.
2234 3355 2330 3421 Eo
2368 3359 2537 3422 enim
2578 3382 2698 3423 us—

660 3489 785 3556 que
823 3469 1026 3548 potest
1066 3454 1154 3518 vis
1195 3450 1460 3518 exitialis
1505 3451 1751 3520 Satanae
1788 3456 2147 3546 pertingere
2164 3479 2195 3536 ,’
2237 3472 2305 3524 ut
2341 3461 2530 3524 etiam
2582 3485 2704 3529 eos

662 3565 936 3654 dejiciat,
964 3559 1072 3647 qui
1098 3555 1178 3622 ad
1194 3569 1321 3624 tam
1348 3558 1685 3628 sublimem
1710 3561 1902 3626 istum
1929 3564 2243 3652 dignitatis
2262 3565 2710 3634 ascenderunt

657 3674 923 3762 apicem.
955 3665 1275 3748 Quocirca
1308 3667 1825 3733 contendendum
1858 3680 1987 3734 tota
2019 3672 2248 3738 virtute
2278 3682 2394 3745 est,
2426 3680 2501 3733 ut
2537 3693 2707 3738 cum

653 3781 883 3850 timore
914 3788 980 3844 et
1009 3787 1288 3840 tremore
1320 3772 1679 3860 invigiletur
1715 3778 2161 3842 conservandas
2185 3774 2652 3864 spiritualivitae
2668 3804 2694 3852 ς

653 3886 729 3957 iifl
776 3882 1048 3954 maxime
1074 3927 1093 3956 ,
1153 3876 1264 3965 qui
1318 3876 1592 3964 Spiritus
1645 3877 2268 3968 Christirparticipes
2317 3880 2687 3947 sunt'facti.

654 3993 865 4080 Quam
893 3988 975 4055 ad
1001 4006 1137 4051 rem
1168 3983 1522 4052 cavendum
1552 3982 1887 4072 diligenter
1911 3973 2039 4068 est)
2057 4006 2140 4054 ne
2163 3983 2319 4074 qnid
2340 3984 2421 4052 ab
2443 3984 2518 4054 iis
2543 4005 2696 4074 par·-
