2982 4885
558 502 691 582 436
1238 514 1287 555 s.
1343 508 1605 554 neum
1651 504 1920 555 mcxv-ru

649 631 984 715 XXXVII.
1013 626 1253 721 Retulit
1273 627 1489 695 Abbas
1511 621 1926 711 Paphnutius,
1963 617 2313 705 discipulus
2330 617 2603 691 Abbati:

563 741 852 817 macarii,
898 738 1089 803 verba
1118 733 1281 800 senis
1309 756 1326 798 :
1363 733 1640 815 Quando
1672 752 1845 795 eram
1879 748 2064 816 puer,
2096 746 2248 791 cum
2282 723 2422 791 aliis
2449 747 2606 812 pue·

562 850 650 915 ris
671 845 1011 938 pascebam
1037 841 1338 912 buculas;
1373 850 1438 905 et
1460 846 1876 927 perrexerunt
1897 832 2175 897 furatum
2203 826 2387 893 ficus.
2416 828 2607 895 Dum·

567 977 694 1043 que
737 962 1044 1035 currunt,
1098 967 1222 1011 una
1266 967 1343 1009 ex
1392 943 1464 1007 iis
1517 934 1787 1015 cecidit,
1831 960 2021 1026 quam
2064 936 2292 1001 tollens
2332 933 2594 1007 comedi.

579 1058 847 1140 Quoties
875 1075 1025 1143 ergo
1053 1051 1192 1138 ejus
1225 1047 1318 1114 rei
1346 1046 1511 1112 redit
1545 1045 1853 1113 memoria
1874 1091 1893 1123 „
1926 1044 2183 1132 piornns
2214 1042 2424 1106 sedeo.

660 1157 1025 1230 XXXVIII.
1079 1152 1367 1239 Narravit
1417 1151 1633 1218 Abbas
1681 1147 2192 1227 Macariusglter
2244 1166 2435 1233 agens
2492 1126 2608 1209 ali-

570 1268 829 1357 quando
873 1286 985 1355 per
1017 1280 1345 1331 eremum,
1399 1254 1610 1322 inveni
1647 1255 1985 1329 calvariam
2016 1248 2248 1327 mortui
2280 1246 2359 1311 ad
2398 1248 2603 1330 solum

571 1375 923 1462 jacentem3
977 1388 1168 1452 quam
1200 1385 1351 1429 cum
1398 1364 1649 1451 palmeo
1676 1362 1927 1441 ¹,ba‘eulo
1971 1355 2306 1422 movissem
2332 1401 2349 1426 ,
2391 1352 2604 1419 locuta

576 1477 739 1547 mihi
774 1471 1200 1555 estssalvaria.
1254 1468 1413 1535 Dico
1441 1469 1498 1533 ei
1536 1490 1551 1531 ι
1582 1467 1679 1534 Tu
1738 1465 1874 1557 quis
1924 1487 2010 1527 es.
2067 1457 2429 1546 Respondit
2456 1455 2613 1529 mihi

573 1581 852 1650 caluaria
887 1603 903 1645 :
940 1579 1071 1667 Ego
1102 1598 1277 1642 eram
1309 1573 1589 1664 pontifex
1631 1572 1982 1642 idolorum,
2030 1585 2385 1651 eorumque
2414 1561 2620 1652 genti·

579 1691 740 1759 lium
759 1738 778 1764 ,
809 1686 917 1775 qui
948 1686 1071 1750 hoc
1102 1685 1247 1747 loco
1273 1681 1689 1746 morabantur
1725 1702 1741 1739 ε
1777 1690 1846 1745 tu
1872 1697 2022 1747 vero
2044 1694 2113 1739 es
2141 1669 2490 1744 Macarius,
2516 1668 2621 1757 qni

578 1793 885 1883 Spiritum
935 1787 1052 1853 Dei
1105 1783 1229 1848 fers
1269 1807 1286 1847 ε
1327 1804 1733 1870 quacumque
1789 1781 1950 1845 horn
2012 1788 2385 1842 commotus
2437 1771 2620 1840 fueris

584 1891 1016 1962 misericordia
1036 1909 1185 1974 erga
1207 1909 1342 1960 eos,
1370 1885 1560 1974 quiin
1585 1884 1918 1959 tormentis
1945 1892 2309 1971 versantur,
2334 1878 2614 1966 exiguum

589 1998 868 2088 sentiunt
907 1992 1218 2058 solatium.
1256 1989 1365 2079 Ait
1397 2012 1587 2053 senex
1625 2012 1639 2051 ε
1680 1988 2026 2066 Quodnam
2058 1997 2159 2049 est
2202 1983 2518 2057 solatium,
2556 1995 2620 2047 et

571 2098 922 2193 'quodnam
962 2096 1409 2162 tormentum?
1440 2095 1769 2174 Quantum
1797 2142 1816 2167 ,
1856 2091 2063 2180 inquit
2092 2140 2111 2167 ,
2162 2115 2197 2157 a
2245 2105 2409 2156 terra
2450 2089 2627 2169 distat

481 2206 485 2211 ’
595 2209 869 2283 coelum,
907 2216 1154 2269 tantum
1193 2213 1289 2266 est
1337 2200 1496 2289 ignis
1530 2184 1695 2265 infra
1731 2222 1888 2287 nos,
1938 2221 1971 2262 a
2004 2197 2281 2286 pedibus
2304 2198 2407 2261 ad
2446 2203 2625 2282 caput

593 2313 905 2409 stantibus
944 2307 1126 2376 nobis
1165 2308 1228 2372 in
1269 2307 1480 2377 medio
1517 2307 1677 2395 ignis
1709 2329 1724 2371 :
1761 2327 1881 2397 nec
1920 2305 2079 2382 lieet
2106 2304 2272 2369 facie
2302 2306 2385 2368 ad
2415 2302 2633 2367 faciem

598 2422 816 2488 videre
869 2437 1289 2508 quemquam3
1345 2416 1458 2482 sed
1525 2412 1837 2500 cujusque
1891 2409 2089 2478 facies
2145 2409 2332 2472 dorso
2384 2405 2640 2474 alterius

602 2528 899 2595 adhaeret.
962 2513 1236 2604 Quando
1285 2519 1478 2610 igitur
1521 2541 1662 2600 oras
1699 2541 1813 2614 pro
1864 2516 2083 2589 nobis,
2142 2533 2415 2604 unfus-ex
2458 2524 2645 2598 parte

606 2641 849 2722 spectat
877 2626 1105 2693 faciem
1136 2623 1406 2688 alterius.
1455 2624 1592 2685 Hoc
1624 2635 1720 2687 est
1748 2622 2071 2686 solatium.
2111 2617 2189 2682 Et
2220 2614 2380 2680 ssens
2408 2638 2641 2690 senex,

607 2735 765 2804 dixit
800 2757 817 2798 ε
852 2728 963 2798 Vae
1004 2727 1130 2794 diei
1173 2725 1234 2790 in
1270 2748 1391 2814 qua
1432 2738 1617 2791 natus
1648 2740 1744 2793 est
1788 2723 2019 2792 homo!
2069 2721 2326 2789 Addidit
2362 2742 2379 2786 ε
2419 2718 2644 2785 Est-ne

543 2887 556 2894 -
611 2840 780 2907 aliud
817 2834 1063 2925 gravius
1097 2830 1478 2921 supplicium
1508 2831 1537 2895 P
1582 2833 1825 2899 Retulit
1856 2831 2147 2898 cranium
2177 2854 2192 2893 ε
2226 2827 2429 2918 Major
2467 2849 2642 2917 poena

613 2958 711 3010 est
753 2941 971 3006 subter
998 2961 1132 3003 nos.
1179 2937 1343 3005 Tum
1376 2959 1566 3002 senex
1595 2961 1611 3003 ε
1647 2939 1728 3006 Et
1753 2937 2015 3025 quinam
2048 2934 2176 2999 illie
2215 2932 2497 3024 degunt?
2520 2931 2640 2995 Ex-

621 3045 794 3148 eepit
824 3066 842 3109 ε
880 3044 1041 3120 Nos,
1076 3055 1299 3132 utpote
1329 3043 1437 3130 qui
1460 3042 1888 3131 ignoravimus
1914 3042 2119 3106 Deum
2145 3087 2165 3111 .
2190 3040 2444 3128 modice
2463 3036 2642 3102 mise-

614 3151 963 3240 ricordiam
1016 3149 1511 3238 consequimur:
1549 3147 1657 3233 qui
1713 3167 1860 3211 vero
1910 3158 2355 3232 cognoverunt
2396 3145 2595 3224 Deum
2623 3189 2642 3216 ,

624 3276 692 3329 et
729 3251 1123 3350 negaverunt
1156 3277 1342 3328 eum,
1389 3251 1610 3317 subtus
1641 3271 1756 3314 nos
1792 3259 1960 3314 sunt.
2006 3247 2190 3315 Tune
2225 3273 2419 3316 senex
2448 3249 2649 3314 calva-

617 3376 778 3466 riam
808 3385 1062 3434 sumens
1083 3411 1101 3440 ,
1136 3360 1332 3425 humo
1363 3353 1705 3420 mandavit.

722 3466 1040 3544 XXXIX.
1091 3464 1348 3530 Dictum
1404 3470 1500 3526 est
1557 3461 1636 3526 de
1690 3458 1942 3532 Abbate
1993 3461 2263 3530 Macario
2319 3466 2654 3552 AEgyptio,

634 3582 811 3673 quod
862 3570 1199 3661 aliquando
1248 3592 1287 3633 e
1339 3565 1511 3633 Sceti
1557 3567 1938 3636 ascendebat
1982 3569 2351 3650 inmontem
2387 3568 2650 3634 Nitriae:

632 3710 700 3766 et
738 3704 813 3755 ut
855 3700 1052 3775 prope
1096 3676 1328 3768 locum⁸
1358 3673 1596 3755 extitit,
1640 3673 1795 3740 dixit
1828 3674 2136 3764 discipulo
2172 3698 2330 3741 suo:
2364 3674 2660 3742 Praeoetle

501 3790 514 3798 ’Ἴ
631 3797 988 3902 Paululum.
1024 3785 1314 3869 Cumque
1337 3780 1442 3845 ille
1469 3779 1755 3867 praeiret,
1789 3780 2046 3848 obvium
2075 3781 2301 3848 habuit
2321 3783 2664 3871 quemdam

631 3909 1015 3982 Graecorum
1060 3913 1180 3957 seu
1204 3885 1543 3980 gentilium,
1574 3890 1987 3976 sacerdotem.
2026 3889 2130 3974 Ad
2164 3912 2359 3979 quem
2389 3893 2665 3964 clamans

635 4023 879 4088 frater,
914 3997 1186 4067 vocabat
1219 4017 1236 4061 ε
1278 3993 1452 4070 Heu.
1502 3990 1669 4072 heu,
1711 3994 2051 4083 inquiens.
2088 4018 2218 4083 quo
2252 3997 2503 4077 curris,
2546 3997 2666 4066 da-
