2982 4885
608 501 740 569 312
782 579 789 586 ,
1295 517 1344 559 s.
1399 514 1662 560 menan
1709 512 1978 559 marr-ru

606 635 947 727 pretiosam
1000 630 1254 698 habeat.
1302 631 1440 696 Imo
1489 642 1628 695 tum
1685 628 1987 702 maxime,
2052 628 2310 716 quando
2361 629 2642 720 primum

608 739 797 807 sentit
840 737 1176 827 appulsum
1224 735 1464 823 gratiae,
1500 735 1764 802 sollicite
1792 736 2036 800 laboret
2057 759 2077 809 ς
2112 734 2408 823 sitimque
2453 761 2640 804 mon-

608 856 765 913 stret
829 841 1149 908 ulterioris
1204 838 1525 931 profectus
1537 866 1556 917 ;
1618 842 1799 908 valde
1862 863 2125 915 cavens,
2175 863 2257 907 ne
2296 843 2473 929 quasi
2505 843 2641 930 jam

608 951 906 1025 satiatus,
952 971 1021 1015 se
1067 946 1320 1012 abunde
1364 946 1606 1034 justum
1634 995 1655 1027 ,
1708 958 1819 1011 aut
1860 948 2246 1035 locupletem
2296 948 2561 1023 haheat,·
2600 973 2642 1015 e

604 1055 925 1125 contrario
957 1053 1166 1144 potius
1196 1055 1431 1142 lugeat,
1466 1065 1534 1119 et
1554 1054 1959 1142 lacrymetur.
1995 1052 2334 1133 Quomodo
2358 1053 2406 1118 si
2435 1066 2642 1119 mater

605 1160 977 1228 educaverit
1008 1181 1041 1224 a
1074 1181 1276 1248 puero
1310 1181 1461 1225 cura
1493 1181 1724 1248 magna
1762 1159 2026 1228 unicum
2063 1157 2290 1235 filium,
2324 1160 2457 1235 uhi,
2492 1182 2645 1226 cum

607 1268 691 1334 ad
713 1267 958 1332 virilem
978 1264 1269 1355 pervenit
1296 1277 1574 1341 aetatem,
1609 1264 1774 1330 mori
1802 1287 1954 1334 eum
1983 1263 2338 1354 contingat;
2370 1265 2475 1353 qui
2494 1286 2646 1329 con-

612 1372 800 1448 solari
826 1393 968 1438 eam
996 1371 1471 1461 aggrediuntur,
1508 1371 1825 1437 incentiva
1850 1371 2061 1435 luctus
2091 1370 2289 1458 magis
2335 1392 2646 1435 accumu-

611 1481 782 1556 lant3
829 1479 919 1545 sic
950 1477 1105 1544 ssere
1138 1478 1568 1545 indesinenter
1616 1477 2049 1544 Christianum
2103 1487 2355 1566 oportet
2399 1475 2650 1565 lapsum

612 1575 801 1653 suum
837 1609 852 1649 t
877 1597 944 1651 et
963 1598 1111 1652 ante
1135 1583 1347 1651 omnia
1376 1583 1614 1651 habere
1641 1607 1753 1651 cor
1783 1585 2155 1650 contritum.

700 1691 816 1758 XI.
875 1691 957 1756 Ut
1003 1690 1054 1754 si
1102 1690 1406 1778 palatium
1444 1690 1607 1775 regis
1641 1688 1998 1774 cujuspiam
2029 1687 2227 1751 multa
2267 1688 2502 1752 habeat
2532 1710 2656 1752 cu·-

610 1795 848 1870 bicula,
876 1805 942 1855 et
963 1793 1162 1855 multa
1196 1791 1503 1854 vestibula
1533 1802 1598 1852 et
1633 1789 1812 1861 atria,
1848 1809 1922 1852 ac
1959 1788 2256 1852 interiora
2284 1791 2652 1866 conclavia,

612 1895 723 1960 ubi
776 1892 1009 1960 residet
1059 1913 1206 1965 rex,
1254 1891 1364 1955 ubi
1404 1911 1684 1978 purpura
1740 1901 1806 1953 et
1865 1888 2143 1958 thesauri
2209 1905 2655 1978 reponuntur,

611 1996 833 2085 aliquis
863 1994 1251 2060 exteriorum
1284 2007 1464 2060 tenus
1503 1994 2225 2083 atriorumjngredienS,
2264 2017 2344 2059 ne
2378 2009 2565 2083 putet
2591 2023 2659 2065 se

601 2102 734 2189 jam
769 2100 831 2164 in
873 2097 1095 2166 intima
1132 2100 1311 2187 quasi
1343 2098 1583 2165 viscera
1617 2112 1937 2166 tantarum
1980 2100 2216 2166 aedium
2244 2114 2614 2189 penetrasse
2636 2119 2675 2180 ,'

610 2201 801 2295 atque
825 2205 983 2276 adeo
1016 2217 1236 2272 tenero
1267 2205 1604 2296 apothecas
1626 2253 1644 2284 ,
1682 2205 1747 2272 in
1783 2205 2013 2293 quibus
2036 2229 2189 2295 gaza
2221 2220 2285 2272 et
2317 2193 2515 2296 gloria
2545 2231 2652 2274 re-

611 2312 729 2403 gis,
776 2332 1062 2406 purpura
1098 2325 1165 2380 et
1214 2311 1497 2378 thesauri
1539 2310 2033 2376 custodiuntur:
2069 2310 2193 2387 sic,
2232 2312 2348 2378 ista
2384 2313 2650 2401 imagine

616 2421 697 2487 ad
747 2420 1074 2510 spirituale
1120 2420 1444 2510 negotium
1488 2419 1811 2494 translata,
1865 2440 1946 2483 ne
1990 2430 2216 2507 putent
2253 2418 2606 2508 jejunantes
2630 2421 2660 2496 ,’

614 2525 968 2614 vigilantes,
997 2527 1361 2615 psallentes,
1383 2537 1657 2600 orantes,
1685 2524 2039 2613 pervenisse
2063 2548 2127 2589 sc
2157 2524 2288 2612 jam
2313 2528 2394 2590 ad
2417 2526 2655 2592 fruitio-

613 2653 763 2715 nem
816 2630 987 2717 pacis
1035 2653 1051 2693 ε
1107 2641 1328 2717 utpote
1389 2630 1498 2715 qui
1558 2628 1766 2693 adhuc
1820 2628 1886 2693 in
1938 2628 2244 2694 vestibula
2303 2641 2543 2697 tantum
2588 2644 2653 2696 et

614 2733 818 2823 prima
854 2732 1011 2796 atria
1043 2731 1306 2819 ingressi
1340 2744 1519 2806 sunt,
1563 2735 1851 2798 nondum
1895 2755 2006 2808 eo,
2040 2733 2151 2798 ubi
2185 2758 2503 2823 purpura,
2543 2735 2650 2800 uhi

619 2835 897 2901 thesauri
939 2834 1172 2922 jacent.
1232 2834 1374 2899 Non
1412 2836 1647 2901 debent
1690 2838 1878 2925 igitur
1930 2836 2152 2903 fratres
2181 2840 2472 2904 exteriori
2506 2862 2655 2905 con-

620 2940 978 3005 versatione
1012 2960 1085 3003 ac
1108 2938 1437 3029 disciplina
1461 2940 1575 3006 niti
1609 2965 2020 3032 magnopere,
2046 2965 2163 3007 nec
2196 2946 2270 3008 de
2301 2967 2364 3008 se
2392 2956 2657 3030 propter

621 3042 795 3109 illam
838 3042 1093 3107 dicere:
1128 3043 1261 3133 Ego
1319 3069 1459 3111 sum
1501 3047 1760 3134 aliquis;
1809 3069 1962 3124 nec,
2000 3049 2183 3113 simul
2228 3070 2297 3111 ac
2340 3047 2655 3138 quispiam

620 3146 886 3236 gratiam
935 3147 1326 3237 adipiscitur,
1369 3148 1762 3239 praefiden'tia
1799 3152 1938 3229 niti,
1971 3154 2146 3242 quasi
2187 3153 2314 3242 jam
2356 3177 2659 3243 compre-

622 3253 942 3328 henderit,
980 3265 1088 3318 aut
1112 3251 1243 3344 regi
1275 3254 1352 3320 sit
1384 3256 1604 3321 intime
1629 3259 1954 3336 admotus3
1992 3264 2183 3326 modo
2214 3261 2386 3327 enim
2412 3262 2476 3326 in
2498 3261 2659 3326 exti-

622 3359 743 3424 mis
778 3363 1083 3426 duntaxat
1115 3358 1321 3426 adhuc
1357 3361 1708 3430 diversatur
1735 3365 1966 3431 aedium
1996 3366 2280 3454 partibus
2310 3390 2326 3431 ε
2365 3390 2480 3433 nec
2503 3388 2662 3433 con-

618 3465 793 3529 venit
832 3465 1101 3531 scrutari
1135 3489 1691 3558 unumquemque,
1728 3494 1883 3536 num
1913 3471 2074 3537 forte
2119 3472 2392 3537 inveniat
2423 3471 2485 3534 in
2512 3494 2661 3537 vase

622 3567 805 3634 fictili
832 3570 1224 3648 thesaurum,
1260 3587 1369 3640 aut
1409 3576 1645 3666 regiam
1685 3578 1963 3645 induerit
1986 3578 2250 3668 Spiritus
2278 3598 2658 3667 purpuram,

626 3698 704 3739 an
750 3694 963 3762 regem
1020 3674 1363 3758 invenerit,
1408 3695 1472 3748 et
1508 3683 1715 3771 quiete
1748 3681 2011 3748 fruatur.
2069 3682 2175 3748 'Sic
2207 3683 2438 3772 quippe
2484 3705 2668 3747 com--

622 3788 839 3868 parata
864 3791 960 3844 est
992 3779 1267 3850 hominis
1306 3787 1540 3862 anima,
1575 3787 1768 3853 habet
1798 3788 2292 3878 profunditatem
2322 3790 2676 3876 quamdam-

625 3894 690 3947 οι
727 3882 1013 3949 membra
1054 3890 1225 3955 velut
1260 3891 1552 3980 plurima.
1594 3891 1667 3957 In
1707 3891 1848 3959 eam
1881 3918 2072 3982 porro
2103 3895 2468 3961 subintrans
2513 3916 2670 3983 pec-

628 4000 880 4065 catum,
952 4006 1181 4062 cuncta
1220 3994 1371 4086 'ojus
1417 4012 1693 4089 occupat
1751 4001 2064 4079 membra,
2130 4015 2198 4070 et
2256 4000 2671 4090 cogitationes
