2982 4885
715 489 844 570 318
1380 513 1429 564 s.
1482 511 1747 567 melun
1796 517 2060 572 &cnm

708 641 835 708 vito
859 638 1009 705 facit
1030 685 1050 716 ,
1079 635 1499 705 assuefacient
1536 640 1742 728 ipsum
1768 642 1833 710 in
1863 666 2050 709 omne
2080 654 2332 730 tempus
2358 645 2441 711 ad
2462 645 2736 726 bonum,

707 760 772 816 et
804 746 886 812 ad
915 768 1166 834 semper
1197 744 1403 814 vivam
1437 744 1555 811 Dei
1586 748 1958 814 memoriam
1987 748 2383 827 habendam,
2418 765 2486 818 et
2511 777 2742 842 expee-

706 854 972 919 tandum
996 873 1146 916 eum
1178 872 1429 937 semper
1464 850 1530 915 in
1558 856 1756 918 multa
1787 854 2070 921 bonitate
2100 866 2165 920 et
2193 853 2523 924 charitate.
2559 860 2744 927 'runc

706 956 1112 1024 considerans
1152 955 1462 1022 Dominus
1508 959 1632 1022 tale
1679 957 1874 1047 ipsius
1919 958 2346 1048 propositum,
2391 974 2458 1029 et
2493 963 2739 1031 honum

705 1041 985 1128 studium
1003 1110 1022 1137 ,
1054 1083 1180 1148 quo
1205 1061 1333 1128 vim
1366 1059 1554 1128 insert
1575 1063 1693 1128 sibi
1714 1063 1947 1153 jugiter
1980 1064 2058 1132 ad
2080 1065 2220 1152 ejus
2243 1070 2735 1145 recordandum,

702 1181 768 1234 et
798 1147 881 1234 ad
906 1169 1421 1259 prosequendum
1459 1168 1707 1258 semper
1735 1171 1978 1238 bonum
2006 1197 2026 1247 ς
2060 1172 2340 1261 itemque
2378 1177 2457 1241 ad
2486 1175 2741 1240 humili·

701 1283 933 1347 tatem,
964 1273 1550 1351 mansuetudinem,
1586 1275 1999 1355 charitatem,
2046 1291 2113 1345 et
2150 1280 2494 1367 quamlibet
2521 1282 2740 1345 reluc-

701 1387 843 1466 tans
893 1378 1005 1444 co‘r
1047 1375 1281 1466 subigit
1329 1378 1394 1443 in
1439 1379 1575 1446 haec
1605 1427 1625 1457 ,
1666 1395 2124 1474 promovetque
2168 1397 2498 1473 quantum·
2519 1399 2743 1474 potest

703 1504 952 1549 summa
974 1481 1033 1550 vi
1066 1505 1132 1576 se
1163 1481 1413 1572 ipsum,
1454 1486 1607 1553 facit
1636 1509 1784 1554 cum
1814 1489 1951 1579 ipso
1983 1489 2479 1558 misericordiam
2510 1512 2734 1565 suam,

696 1598 763 1653 et
798 1565 1028 1653 uberat
1073 1589 1282 1679 ipsum
1331 1591 1407 1655 ab
1463 1591 1739 1660 inimicis
1785 1596 1912 1662 suis
1935 1644 1955 1672 ,
2006 1608 2072 1663 et
2115 1597 2192 1662 ab
2245 1595 2735 1662 inhabitantes„

704 1689 837 1786 ipso
866 1704 1132 1780 peccato
1157 1740 1175 1768 ,
1214 1697 1464 1781 replens
1505 1697 1683 1764 illum
1717 1686 1954 1783 Spiritu
1985 1711 2208 1766 saneto
2229 1748 2247 1772 ,
2287 1700 2477 1788 cujus
2507 1723 2624 1789 ope
2652 1701 2733 1765 de

701 1786 929 1857 caetero
973 1794 1132 1857 citra
1161 1793 1287 1860 vim
1333 1807 1398 1858 et
1439 1798 1726 1868 lahorem
1772 1813 2003 1866 cuncta
2046 1801 2112 1866 i‘n
2145 1803 2408 1869 veritate
2436 1807 2733 1871 mandata

695 1883 948 1961 Domini
978 1896 1350 1982 exequitur3
1391 1911 1500 1963 aut
1529 1902 1739 1987 potius
1771 1902 2082 1972 Dominus
2119 1905 2183 1972 in
2210 1905 2318 1972 illo
2352 1924 2598 1977 cuncte
2626 1913 2724 1976 im«

689 1985 819 2084 piet
848 1997 1102 2084 propria
1138 2003 1435 2066 mandata
1463 2016 1532 2068 et
1552 2003 1796 2076 fructus
1829 2007 2142 2096 Spiritus,
2178 2013 2437 2098 quando
2470 2014 2730 2081 fructifi-

687 2111 791 2165 cat
835 2121 1012 2189 pure.
1067 2101 1341 2193 Oportet
1384 2120 1600 2175 autem
1650 2113 1825 2199 prius
1872 2118 2289 2183 accedentem
2329 2123 2616 2207 quemvis
2647 2125 2729 2189 ad

685 2187 1030 2270 Dominmn
1057 2254 1074 2281 ,
1114 2207 1204 2286 sic
1235 2211 1366 2276 vim
1396 2211 1630 2282 inferre
1668 2216 1792 2282 sibi
1817 2222 2105 2307 urgendo
2145 2243 2212 2287 se
2242 2224 2321 2288 ad
2351 2224 2590 2290 bonum
2613 2276 2630 2301 ,
2657 2227 2724 2293 in

687 2329 891 2396 eoque
910 2308 1259 2399 frangendo
1291 2316 1716 2386 resistentiam
1749 2324 1996 2399 cordis,
2027 2339 2467 2414 expectantem
2490 2331 2721 2418 ubique

693 2436 766 2480 ac
805 2437 1088 2509 semper,
1138 2417 1267 2485 fide
1312 2445 1503 2490 omne
1550 2426 1817 2494 dubium
1857 2430 2136 2518 pellente
2161 2481 2181 2507 ,
2224 2433 2718 2503 misericordiam

689 2516 829 2607 ejus
857 2545 873 2583 ε
902 2544 1129 2613 cogere
1154 2548 1407 2614 quoque
1431 2552 1499 2595 se
1520 2530 1728 2618 ipsum
1755 2535 1835 2601 ad
1854 2535 2243 2604 miserandos
2268 2540 2422 2608 alios
2439 2590 2460 2619 ,
2488 2566 2736 2630 corque,

693 2614 1010 2693 in'omnes
1039 2644 1296 2715 egentes
1327 2634 1691 2703 beneficum
1720 2630 2121 2719 habendum3
2157 2644 2309 2711 item
2334 2652 2414 2714 ad
2437 2650 2720 2739 longani-

686 2727 873 2792 miter
902 2731 1302 2797 tolerandum
1324 2738 1570 2822 quidvis
1593 2744 1850 2820 durum,
1883 2758 1946 2813 et
1972 2751 2052 2815 ad
2079 2773 2208 2816 non
2236 2752 2711 2842 indignandum,

685 2850 804 2896 nec
835 2853 999 2927 aegre
1037 2832 1407 2917 serendum,
1438 2846 1695 2928 quande
1724 2849 2133 2939 vilipenditur
2154 2868 2218 2920 et
2245 2861 2712 2938 contemnitur3

684 2935 858 3022 juxta
891 2934 1135 3002 dictum
1174 2939 1331 3007 illud
1364 2964 1430 3009 t«
1465 2947 1609 3014 Non
1641 2956 2053 3045 vosmetipsos
2089 2960 2511 3035 defendentes,
2561 2965 2723 3031 cha-

684 3036 960 3101 »rissimi
993 3035 1041 3104 ¹·
1087 3067 1116 3102 ι
1159 3042 1303 3112 Vim
1329 3050 1523 3117 etiam
1563 3055 1684 3123 sibi
1712 3057 1922 3128 facere
1962 3066 2041 3130 ad
2070 3066 2404 3140 orandum,
2445 3069 2716 3153 qnando

680 3140 970 3239 nondum
1035 3150 1283 3236 accepit
1327 3155 1567 3223 donum
1621 3165 1844 3230 orandi
1898 3187 2013 3255 per
2077 3167 2401 3257 Spiritum.
2467 3170 2710 3240 videns

681 3246 852 3313 enim
898 3247 1070 3315 Deus
1123 3252 1214 3327 sic
1260 3263 1758 3333 contendentem
1791 3292 2053 3360 seseque
2098 3277 2582 3364 compellentem
2621 3281 2709 3345 ad

680 3353 922 3422 bonum
942 3403 961 3440 ,
981 3356 1188 3424 ‘invito
1210 3360 1401 3426 etiam
1431 3369 1663 3446 corde,
1696 3376 1808 3441 dat
1836 3376 1925 3444 illi
1956 3379 2308 3447 orationem
2338 3381 2567 3448 Christi
2601 3405 2709 3447 ve-

678 3477 812 3525 ram
830 3505 850 3532 ‚
884 3460 994 3525 dat
1017 3462 1258 3531 viscera
1288 3469 1774 3556 misericordiae,
1809 3482 2264 3572 benignitatem
2287 3480 2536 3555 veram:
2570 3508 2706 3552 uno

674 3558 869 3625 VerbO
903 3604 922 3640 φ
976 3564 1226 3659 δβροῐιίζ
1278 3586 1345 3641 et
1393 3582 1639 3650 confert
1687 3585 1778 3659 illi
1818 3596 2026 3656 totum'
2069 3590 2355 3658 fructum
2405 3589 2690 3680 Spiritus.

676 3654 867 3743 Quod
908 3665 960 3732 si
1010 3670 1150 3757 quis
1195 3678 1601 3764 desiderans,
1645 3712 1773 3776 qun
1807 3707 2030 3771 caret,
2085 3696 2392 3764 orationis
2427 3700 2696 3774 donum,

578 3830 586 3834 .
674 3779 747 3831 ut
783 3769 939 3837 illud
969 3773 1296 3873 impetret,
1342 3794 1550 3861 solum
1572 3794 1690 3863 sihi
1734 3800 1816 3864 ad
1852 3804 2165 3868 orandum
2203 3804 2333 3869 vim
2362 3804 2536 3881 facit3
2568 3826 2698 3869 non

676 3871 828 3939 item
857 3854 938 3944 ad
967 3876 1297 3960 humiliter
1333 3897 1735 3973 sentiendum
1770 3905 1850 3991 de
1867 3927 1981 3997 se,
2016 3929 2146 3979 non
2178 3909 2260 3981 ad
2281 3910 2698 3983 exercendam

729 3998 750 4064 Β
781 4006 924 4067 Rom.
951 4006 1047 4079 iii,
1074 4030 1147 4090 ις.
1241 4004 1249 4017 ’
