<?xml version="1.0" encoding="UTF-8"?>
<!DOCTYPE html PUBLIC "-//W3C//DTD XHTML 1.0 Transitional//EN"
    "http://www.w3.org/TR/xhtml1/DTD/xhtml1-transitional.dtd">
<html xmlns="http://www.w3.org/1999/xhtml" xml:lang="en" lang="en">
 <head>
  <title>
</title>
<meta http-equiv="Content-Type" content="text/html;charset=utf-8" />
  <meta name='ocr-system' content='tesseract 3.04.00' />
  <meta name='ocr-capabilities' content='ocr_page ocr_carea ocr_par ocr_line ocrx_word'/>
</head>
<body>
  <div class='ocr_page' id='page_1' title='image "./sanctorummacari00egypgoog_0425.png"; bbox 0 0 2982 4885; ppageno 0'>
   <div class='ocr_carea' id='block_1_1' title="bbox 1074 564 2360 651">
    <p class='ocr_par' dir='ltr' id='par_1_1' title="bbox 1074 564 2360 651">
     <span class='ocr_line' id='line_1_1' title="bbox 1074 564 2360 651; baseline 0.006 -30"><span class='ocrx_word' id='word_1_1' title='bbox 1074 581 1153 621; x_wconf 78' lang='lat' dir='ltr'><strong>m:</strong></span> <span class='ocrx_word' id='word_1_2' title='bbox 1203 581 1586 625; x_wconf 66' lang='lat' dir='ltr'><strong>emanue.</strong></span> <span class='ocrx_word' id='word_1_3' title='bbox 2232 564 2360 651; x_wconf 84' lang='lat'><strong>389</strong></span> 
     </span>
    </p>
   </div>
   <div class='ocr_carea' id='block_1_2' title="bbox 305 678 2393 3921">
    <p class='ocr_par' dir='ltr' id='par_1_2' title="bbox 305 678 2359 1611">
     <span class='ocr_line' id='line_1_2' title="bbox 409 678 2359 772; baseline 0.002 -27"><span class='ocrx_word' id='word_1_4' title='bbox 409 678 675 745; x_wconf 80' lang='lat' dir='ltr'>XXVIL</span> <span class='ocrx_word' id='word_1_5' title='bbox 730 678 828 745; x_wconf 83' lang='lat' dir='ltr'><strong>Ad</strong></span> <span class='ocrx_word' id='word_1_6' title='bbox 853 680 1024 744; x_wconf 85' lang='lat' dir='ltr'><strong>hunc</strong></span> <span class='ocrx_word' id='word_1_7' title='bbox 1042 678 1305 767; x_wconf 79' lang='lat' dir='ltr'><strong>gradum</strong></span> <span class='ocrx_word' id='word_1_8' title='bbox 1332 679 1714 768; x_wconf 81' lang='lat' dir='ltr'><strong>pertingere,</strong></span> <span class='ocrx_word' id='word_1_9' title='bbox 1745 703 1946 768; x_wconf 83' lang='lat' dir='ltr'><strong>neque</strong></span> <span class='ocrx_word' id='word_1_10' title='bbox 1971 684 2119 759; x_wconf 86' lang='lat' dir='ltr'><strong>cito,</strong></span> <span class='ocrx_word' id='word_1_11' title='bbox 2153 680 2359 772; x_wconf 81' lang='lat' dir='ltr'><strong>neque</strong></span> 
     </span>
     <span class='ocr_line' id='line_1_3' title="bbox 322 784 2358 874; baseline 0.003 -25"><span class='ocrx_word' id='word_1_12' title='bbox 322 785 502 850; x_wconf 78' lang='lat' dir='ltr'><strong>facile</strong></span> <span class='ocrx_word' id='word_1_13' title='bbox 519 785 827 873; x_wconf 80' lang='lat' dir='ltr'><strong>contingit</strong></span> <span class='ocrx_word' id='word_1_14' title='bbox 840 786 971 849; x_wconf 88' lang='lat' dir='ltr'><strong>ulli.</strong></span> <span class='ocrx_word' id='word_1_15' title='bbox 1000 784 1124 849; x_wconf 87' lang='lat' dir='ltr'><strong>Sed</strong></span> <span class='ocrx_word' id='word_1_16' title='bbox 1143 787 1502 874; x_wconf 81' lang='lat' dir='ltr'><strong>praeccdant</strong></span> <span class='ocrx_word' id='word_1_17' title='bbox 1518 808 1774 851; x_wconf 84' lang='lat' dir='ltr'><strong>neeesse</strong></span> <span class='ocrx_word' id='word_1_18' title='bbox 1791 800 1886 851; x_wconf 84' lang='lat' dir='ltr'><strong>cst</strong></span> <span class='ocrx_word' id='word_1_19' title='bbox 1901 791 2082 854; x_wconf 84' lang='lat' dir='ltr'><strong>multi</strong></span> <span class='ocrx_word' id='word_1_20' title='bbox 2106 790 2358 856; x_wconf 81' lang='lat' dir='ltr'><strong>labores</strong></span> 
     </span>
     <span class='ocr_line' id='line_1_4' title="bbox 313 888 2356 981; baseline 0.004 -27"><span class='ocrx_word' id='word_1_21' title='bbox 313 902 386 954; x_wconf 55' lang='lat' dir='ltr'><strong>‘et</strong></span> <span class='ocrx_word' id='word_1_22' title='bbox 431 890 811 965; x_wconf 82' lang='lat' dir='ltr'><strong>certamina,</strong></span> <span class='ocrx_word' id='word_1_23' title='bbox 853 911 1049 956; x_wconf 78' lang='lat' dir='ltr'><strong>moroe</strong></span> <span class='ocrx_word' id='word_1_24' title='bbox 1078 891 1280 976; x_wconf 77' lang='lat' dir='ltr'><strong>lougae</strong></span> <span class='ocrx_word' id='word_1_25' title='bbox 1304 901 1372 953; x_wconf 83' lang='lat' dir='ltr'><strong>et</strong></span> <span class='ocrx_word' id='word_1_26' title='bbox 1390 888 1671 954; x_wconf 85' lang='lat' dir='ltr'><strong>studium</strong></span> <span class='ocrx_word' id='word_1_27' title='bbox 1706 912 1853 955; x_wconf 90' lang='lat' dir='ltr'><strong>cum</strong></span> <span class='ocrx_word' id='word_1_28' title='bbox 1884 893 2261 981; x_wconf 77' lang='lat' dir='ltr'><strong>probatione</strong></span> <span class='ocrx_word' id='word_1_29' title='bbox 2290 909 2356 962; x_wconf 87' lang='lat' dir='ltr'><strong>ot</strong></span> 
     </span>
     <span class='ocr_line' id='line_1_5' title="bbox 320 995 2352 1084; baseline 0.005 -25"><span class='ocrx_word' id='word_1_30' title='bbox 320 995 771 1060; x_wconf 83' lang='lat' dir='ltr'><strong>tentationibus</strong></span> <span class='ocrx_word' id='word_1_31' title='bbox 801 995 1016 1069; x_wconf 81' lang='lat' dir='ltr'><strong>variis,</strong></span> <span class='ocrx_word' id='word_1_32' title='bbox 1058 1017 1258 1082; x_wconf 85' lang='lat' dir='ltr'><strong>usquo</strong></span> <span class='ocrx_word' id='word_1_33' title='bbox 1294 995 1447 1060; x_wconf 87' lang='lat' dir='ltr'><strong>dum</strong></span> <span class='ocrx_word' id='word_1_34' title='bbox 1493 995 1574 1067; x_wconf 86' lang='lat' dir='ltr'><strong>ad</strong></span> <span class='ocrx_word' id='word_1_35' title='bbox 1608 996 1956 1084; x_wconf 78' lang='lat' dir='ltr'><strong>perfectam</strong></span> <span class='ocrx_word' id='word_1_36' title='bbox 1992 1022 2352 1070; x_wconf 83' lang='lat' dir='ltr'><strong>mensuram</strong></span> 
     </span>
     <span class='ocr_line' id='line_1_6' title="bbox 320 1101 2358 1196; baseline 0.003 -29"><span class='ocrx_word' id='word_1_37' title='bbox 320 1102 546 1191; x_wconf 88' lang='lat' dir='ltr'><strong>quietis</strong></span> <span class='ocrx_word' id='word_1_38' title='bbox 575 1101 1122 1190; x_wconf 70' lang='lat' dir='ltr'><strong>perturbationum</strong></span> <span class='ocrx_word' id='word_1_39' title='bbox 1148 1101 1567 1189; x_wconf 82' lang='lat' dir='ltr'><strong>perveniatur.</strong></span> <span class='ocrx_word' id='word_1_40' title='bbox 1620 1102 1711 1166; x_wconf 87' lang='lat' dir='ltr'><strong>lta</strong></span> <span class='ocrx_word' id='word_1_41' title='bbox 1748 1103 1919 1168; x_wconf 85' lang='lat' dir='ltr'><strong>enim</strong></span> <span class='ocrx_word' id='word_1_42' title='bbox 1952 1105 2210 1171; x_wconf 86' lang='lat' dir='ltr'><strong>demum</strong></span> <span class='ocrx_word' id='word_1_43' title='bbox 2246 1131 2358 1196; x_wconf 85' lang='lat' dir='ltr'><strong>per</strong></span> 
     </span>
     <span class='ocr_line' id='line_1_7' title="bbox 319 1207 2353 1298; baseline 0.003 -27"><span class='ocrx_word' id='word_1_44' title='bbox 319 1220 551 1274; x_wconf 82' lang='lat' dir='ltr'><strong>cuncta</strong></span> <span class='ocrx_word' id='word_1_45' title='bbox 569 1207 1050 1273; x_wconf 75' lang='lat' dir='ltr'><strong>contentionum</strong></span> <span class='ocrx_word' id='word_1_46' title='bbox 1063 1227 1619 1293; x_wconf 64' lang='lat' dir='ltr'><strong>aerumnarumque</strong></span> <span class='ocrx_word' id='word_1_47' title='bbox 1633 1226 1860 1295; x_wconf 83' lang='lat' dir='ltr'><strong>genera</strong></span> <span class='ocrx_word' id='word_1_48' title='bbox 1878 1212 2262 1298; x_wconf 83' lang='lat' dir='ltr'><strong>exploratus,</strong></span> <span class='ocrx_word' id='word_1_49' title='bbox 2290 1225 2353 1279; x_wconf 87' lang='lat' dir='ltr'><strong>et</strong></span> 
     </span>
     <span class='ocr_line' id='line_1_8' title="bbox 305 1311 2351 1408; baseline 0.002 -29"><span class='ocrx_word' id='word_1_50' title='bbox 305 1314 772 1380; x_wconf 58' lang='lat' dir='ltr'><strong>xtentationibus</strong></span> <span class='ocrx_word' id='word_1_51' title='bbox 796 1336 829 1377; x_wconf 86' lang='lat' dir='ltr'><strong>a</strong></span> <span class='ocrx_word' id='word_1_52' title='bbox 853 1313 1088 1379; x_wconf 83' lang='lat' dir='ltr'><strong>malitia</strong></span> <span class='ocrx_word' id='word_1_53' title='bbox 1110 1313 1425 1379; x_wconf 82' lang='lat' dir='ltr'><strong>suscitatis</strong></span> <span class='ocrx_word' id='word_1_54' title='bbox 1449 1311 1729 1378; x_wconf 84' lang='lat' dir='ltr'><strong>animose</strong></span> <span class='ocrx_word' id='word_1_55' title='bbox 1752 1317 2053 1393; x_wconf 81' lang='lat' dir='ltr'><strong>toleratis,</strong></span> <span class='ocrx_word' id='word_1_56' title='bbox 2081 1340 2351 1408; x_wconf 80' lang='lat' dir='ltr'><strong>magno-</strong></span> 
     </span>
     <span class='ocr_line' id='line_1_9' title="bbox 320 1416 2357 1510; baseline 0.003 -28"><span class='ocrx_word' id='word_1_57' title='bbox 320 1440 462 1483; x_wconf 80' lang='lat' dir='ltr'><strong>rum</strong></span> <span class='ocrx_word' id='word_1_58' title='bbox 488 1419 762 1504; x_wconf 81' lang='lat' dir='ltr'><strong>deniquo</strong></span> <span class='ocrx_word' id='word_1_59' title='bbox 785 1420 1147 1492; x_wconf 90' lang='lat' dir='ltr'><strong>bonorum,</strong></span> <span class='ocrx_word' id='word_1_60' title='bbox 1186 1431 1252 1483; x_wconf 85' lang='lat' dir='ltr'><strong>et</strong></span> <span class='ocrx_word' id='word_1_61' title='bbox 1297 1420 1611 1483; x_wconf 89' lang='lat' dir='ltr'><strong>donorum</strong></span> <span class='ocrx_word' id='word_1_62' title='bbox 1662 1416 1978 1506; x_wconf 81' lang='lat' dir='ltr'><strong>Spiritus,</strong></span> <span class='ocrx_word' id='word_1_63' title='bbox 2034 1444 2357 1510; x_wconf 85' lang='lat' dir='ltr'><strong>opumque</strong></span> 
     </span>
     <span class='ocr_line' id='line_1_10' title="bbox 323 1514 2302 1611; baseline 0.002 -24"><span class='ocrx_word' id='word_1_64' title='bbox 323 1514 675 1587; x_wconf 82' lang='lat' dir='ltr'><strong>divinarum</strong></span> <span class='ocrx_word' id='word_1_65' title='bbox 703 1524 961 1596; x_wconf 63' lang='lat' dir='ltr'><strong>beatum</strong></span> <span class='ocrx_word' id='word_1_66' title='bbox 995 1535 1439 1611; x_wconf 86' lang='lat' dir='ltr'><strong>postremoque</strong></span> <span class='ocrx_word' id='word_1_67' title='bbox 1469 1518 1671 1588; x_wconf 75' lang='lat' dir='ltr'><strong>haeres</strong></span> <span class='ocrx_word' id='word_1_68' title='bbox 1699 1522 1771 1588; x_wconf 82' lang='lat' dir='ltr'><strong>fit</strong></span> <span class='ocrx_word' id='word_1_69' title='bbox 1801 1523 1977 1611; x_wconf 80' lang='lat' dir='ltr'><strong>regni</strong></span> <span class='ocrx_word' id='word_1_70' title='bbox 2011 1526 2302 1591; x_wconf 86' lang='lat' dir='ltr'><strong>coelestis.</strong></span> 
     </span>
    </p>

    <p class='ocr_par' dir='ltr' id='par_1_3' title="bbox 305 1575 2393 3921">
     <span class='ocr_line' id='line_1_11' title="bbox 406 1575 2356 1718; baseline 0.002 -25"><span class='ocrx_word' id='word_1_71' title='bbox 406 1626 708 1695; x_wconf 81' lang='lat' dir='ltr'><strong>XXVIII.</strong></span> <span class='ocrx_word' id='word_1_72' title='bbox 762 1626 989 1694; x_wconf 82' lang='lat' dir='ltr'><strong>Anima</strong></span> <span class='ocrx_word' id='word_1_73' title='bbox 1013 1650 1164 1693; x_wconf 82' lang='lat' dir='ltr'><strong>vero</strong></span> <span class='ocrx_word' id='word_1_74' title='bbox 1194 1651 1322 1693; x_wconf 91' lang='lat' dir='ltr'><strong>non</strong></span> <span class='ocrx_word' id='word_1_75' title='bbox 1345 1628 1588 1694; x_wconf 87' lang='lat' dir='ltr'><strong>habens</strong></span> <span class='ocrx_word' id='word_1_76' title='bbox 1611 1628 1868 1717; x_wconf 87' lang='lat' dir='ltr'><strong>quidem</strong></span> <span class='ocrx_word' id='word_1_77' title='bbox 1872 1575 2095 1704; x_wconf 68' lang='lat' dir='ltr'><strong>t&gt;hanc,</strong></span> <span class='ocrx_word' id='word_1_78' title='bbox 2102 1630 2203 1695; x_wconf 86' lang='lat' dir='ltr'><strong>de</strong></span> <span class='ocrx_word' id='word_1_79' title='bbox 2233 1653 2356 1718; x_wconf 88' lang='lat' dir='ltr'><strong>qua</strong></span> 
     </span>
     <span class='ocr_line' id='line_1_12' title="bbox 305 1732 2359 1822; baseline 0.001 -24"><span class='ocrx_word' id='word_1_80' title='bbox 305 1732 626 1808; x_wconf 75' lang='lat' dir='ltr'>diximus,</span> <span class='ocrx_word' id='word_1_81' title='bbox 665 1732 988 1821; x_wconf 59' lang='lat' dir='ltr'><strong>exquisitae</strong></span> <span class='ocrx_word' id='word_1_82' title='bbox 1027 1734 1523 1800; x_wconf 75' lang='lat' dir='ltr'><strong>conversationis</strong></span> <span class='ocrx_word' id='word_1_83' title='bbox 1550 1736 1914 1811; x_wconf 63' lang='lat' dir='ltr'><strong>solertiam</strong></span> <span class='ocrx_word' id='word_1_84' title='bbox 1954 1757 2164 1822; x_wconf 87' lang='lat' dir='ltr'><strong>neque</strong></span> <span class='ocrx_word' id='word_1_85' title='bbox 2200 1737 2359 1801; x_wconf 89' lang='lat' dir='ltr'><strong>dum</strong></span> 
     </span>
     <span class='ocr_line' id='line_1_13' title="bbox 319 1835 2361 1928; baseline 0.001 -26"><span class='ocrx_word' id='word_1_86' title='bbox 319 1835 526 1903; x_wconf 86' lang='lat' dir='ltr'><strong>intimi</strong></span> <span class='ocrx_word' id='word_1_87' title='bbox 561 1860 782 1907; x_wconf 78' lang='lat' dir='ltr'><strong>sensus</strong></span> <span class='ocrx_word' id='word_1_88' title='bbox 824 1840 1258 1928; x_wconf 84' lang='lat' dir='ltr'><strong>experimento</strong></span> <span class='ocrx_word' id='word_1_89' title='bbox 1304 1841 1423 1905; x_wconf 92' lang='lat' dir='ltr'><strong>sibi</strong></span> <span class='ocrx_word' id='word_1_90' title='bbox 1472 1840 1725 1906; x_wconf 76' lang='lat' dir='ltr'><strong>conscia</strong></span> <span class='ocrx_word' id='word_1_91' title='bbox 1771 1842 1940 1927; x_wconf 85' lang='lat' dir='ltr'><strong>ejus,</strong></span> <span class='ocrx_word' id='word_1_92' title='bbox 1986 1862 2127 1927; x_wconf 74' lang='lat' dir='ltr'><strong>qum</strong></span> <span class='ocrx_word' id='word_1_93' title='bbox 2162 1852 2258 1905; x_wconf 85' lang='lat' dir='ltr'><strong>est</strong></span> <span class='ocrx_word' id='word_1_94' title='bbox 2297 1839 2361 1905; x_wconf 88' lang='lat' dir='ltr'><strong>in</strong></span> 
     </span>
     <span class='ocr_line' id='line_1_14' title="bbox 305 1943 2358 2032; baseline 0.001 -27"><span class='ocrx_word' id='word_1_95' title='bbox 305 1944 511 2007; x_wconf 73' lang='lat' dir='ltr'><strong>,corde</strong></span> <span class='ocrx_word' id='word_1_96' title='bbox 557 1965 704 2016; x_wconf 88' lang='lat' dir='ltr'><strong>suo,</strong></span> <span class='ocrx_word' id='word_1_97' title='bbox 746 1943 1296 2019; x_wconf 72' lang='lat' dir='ltr'><strong>sanctificationi5‚</strong></span> <span class='ocrx_word' id='word_1_98' title='bbox 1347 1947 1560 2032; x_wconf 82' lang='lat' dir='ltr'><strong>lugeat</strong></span> <span class='ocrx_word' id='word_1_99' title='bbox 1604 1957 1669 2010; x_wconf 90' lang='lat' dir='ltr'><strong>et</strong></span> <span class='ocrx_word' id='word_1_100' title='bbox 1715 1955 1958 2032; x_wconf 59' lang='lat' dir='ltr'><strong>quierat</strong></span> <span class='ocrx_word' id='word_1_101' title='bbox 2007 1966 2041 2008; x_wconf 88' lang='lat' dir='ltr'><strong>a</strong></span> <span class='ocrx_word' id='word_1_102' title='bbox 2084 1943 2358 2008; x_wconf 91' lang='lat' dir='ltr'><strong>Domino</strong></span> 
     </span>
     <span class='ocr_line' id='line_1_15' title="bbox 314 2043 2363 2138; baseline 0.003 -29"><span class='ocrx_word' id='word_1_103' title='bbox 314 2043 673 2121; x_wconf 76' lang='lat' dir='ltr'><strong>ferventer,</strong></span> <span class='ocrx_word' id='word_1_104' title='bbox 707 2052 796 2125; x_wconf 48' lang='lat' dir='ltr'><strong>¹ut</strong></span> <span class='ocrx_word' id='word_1_105' title='bbox 841 2047 990 2114; x_wconf 87' lang='lat' dir='ltr'><strong>boni</strong></span> <span class='ocrx_word' id='word_1_106' title='bbox 1035 2048 1229 2137; x_wconf 86' lang='lat' dir='ltr'><strong>hujus</strong></span> <span class='ocrx_word' id='word_1_107' title='bbox 1265 2062 1333 2114; x_wconf 89' lang='lat' dir='ltr'><strong>et</strong></span> <span class='ocrx_word' id='word_1_108' title='bbox 1369 2050 1753 2137; x_wconf 82' lang='lat' dir='ltr'><strong>operationis</strong></span> <span class='ocrx_word' id='word_1_109' title='bbox 1793 2048 2063 2138; x_wconf 76' lang='lat' dir='ltr'><strong>Spiritus</strong></span> <span class='ocrx_word' id='word_1_110' title='bbox 2110 2071 2250 2138; x_wconf 74' lang='lat' dir='ltr'><strong>quae</strong></span> <span class='ocrx_word' id='word_1_111' title='bbox 2298 2049 2363 2115; x_wconf 91' lang='lat' dir='ltr'><strong>in</strong></span> 
     </span>
     <span class='ocr_line' id='line_1_16' title="bbox 320 2151 2351 2245; baseline 0.002 -29"><span class='ocrx_word' id='word_1_112' title='bbox 320 2164 534 2218; x_wconf 75' lang='lat' dir='ltr'><strong>mento</strong></span> <span class='ocrx_word' id='word_1_113' title='bbox 565 2151 637 2218; x_wconf 82' lang='lat' dir='ltr'><strong>fit</strong></span> <span class='ocrx_word' id='word_1_114' title='bbox 663 2177 776 2240; x_wconf 87' lang='lat' dir='ltr'><strong>per</strong></span> <span class='ocrx_word' id='word_1_115' title='bbox 802 2177 1061 2220; x_wconf 85' lang='lat' dir='ltr'><strong>arcanas</strong></span> <span class='ocrx_word' id='word_1_116' title='bbox 1090 2157 1657 2243; x_wconf 82' lang='lat' dir='ltr'><strong>contemplationes</strong></span> <span class='ocrx_word' id='word_1_117' title='bbox 1678 2208 1694 2232; x_wconf 90' lang='lat'><strong>,</strong></span> <span class='ocrx_word' id='word_1_118' title='bbox 1727 2157 2041 2222; x_wconf 81' lang='lat' dir='ltr'><strong>officiatur</strong></span> <span class='ocrx_word' id='word_1_119' title='bbox 2064 2179 2351 2245; x_wconf 82' lang='lat' dir='ltr'><strong>compos.</strong></span> 
     </span>
     <span class='ocr_line' id='line_1_17' title="bbox 323 2254 2361 2346; baseline 0.003 -27"><span class='ocrx_word' id='word_1_120' title='bbox 323 2254 520 2320; x_wconf 85' lang='lat' dir='ltr'><strong>Porro</strong></span> <span class='ocrx_word' id='word_1_121' title='bbox 552 2260 1089 2343; x_wconf 77' lang='lat' dir='ltr'><strong>quemadmodum</strong></span> <span class='ocrx_word' id='word_1_122' title='bbox 1126 2259 1302 2345; x_wconf 83' lang='lat' dir='ltr'><strong>juxta</strong></span> <span class='ocrx_word' id='word_1_123' title='bbox 1346 2262 1841 2324; x_wconf 75' lang='lat' dir='ltr'><strong>ecclesiasticam</strong></span> <span class='ocrx_word' id='word_1_124' title='bbox 1873 2264 2114 2346; x_wconf 86' lang='lat' dir='ltr'><strong>legem,</strong></span> <span class='ocrx_word' id='word_1_125' title='bbox 2151 2262 2215 2325; x_wconf 89' lang='lat' dir='ltr'><strong>in</strong></span> <span class='ocrx_word' id='word_1_126' title='bbox 2248 2263 2361 2328; x_wconf 81' lang='lat' dir='ltr'><strong>de-</strong></span> 
     </span>
     <span class='ocr_line' id='line_1_18' title="bbox 324 2357 2363 2450; baseline 0.004 -27"><span class='ocrx_word' id='word_1_127' title='bbox 324 2357 488 2423; x_wconf 76' lang='lat' dir='ltr'><strong>fictis</strong></span> <span class='ocrx_word' id='word_1_128' title='bbox 529 2360 906 2446; x_wconf 83' lang='lat' dir='ltr'><strong>deprehensi</strong></span> <span class='ocrx_word' id='word_1_129' title='bbox 953 2362 1309 2447; x_wconf 84' lang='lat' dir='ltr'><strong>corporeis,</strong></span> <span class='ocrx_word' id='word_1_130' title='bbox 1353 2376 1763 2450; x_wconf 74' lang='lat' dir='ltr'><strong>segregantur</strong></span> <span class='ocrx_word' id='word_1_131' title='bbox 1794 2363 2054 2449; x_wconf 84' lang='lat' dir='ltr'><strong>quidem</strong></span> <span class='ocrx_word' id='word_1_132' title='bbox 2088 2365 2363 2450; x_wconf 86' lang='lat' dir='ltr'><strong>primum</strong></span> 
     </span>
     <span class='ocr_line' id='line_1_19' title="bbox 324 2463 2363 2555; baseline 0.004 -30"><span class='ocrx_word' id='word_1_133' title='bbox 324 2483 438 2550; x_wconf 86' lang='lat' dir='ltr'><strong>por</strong></span> <span class='ocrx_word' id='word_1_134' title='bbox 467 2464 899 2538; x_wconf 78' lang='lat' dir='ltr'><strong>sacerdotem3</strong></span> <span class='ocrx_word' id='word_1_135' title='bbox 938 2463 1167 2530; x_wconf 87' lang='lat' dir='ltr'><strong>deinde</strong></span> <span class='ocrx_word' id='word_1_136' title='bbox 1205 2465 1569 2552; x_wconf 69' lang='lat' dir='ltr'><strong>praescripta</strong></span> <span class='ocrx_word' id='word_1_137' title='bbox 1600 2467 1952 2531; x_wconf 86' lang='lat' dir='ltr'><strong>canonibus</strong></span> <span class='ocrx_word' id='word_1_138' title='bbox 1994 2467 2363 2555; x_wconf 81' lang='lat' dir='ltr'><strong>poenitontia</strong></span> 
     </span>
     <span class='ocr_line' id='line_1_20' title="bbox 326 2565 2365 2658; baseline 0.004 -29"><span class='ocrx_word' id='word_1_139' title='bbox 326 2565 642 2643; x_wconf 81' lang='lat' dir='ltr'><strong>exhibita,</strong></span> <span class='ocrx_word' id='word_1_140' title='bbox 695 2567 1130 2633; x_wconf 88' lang='lat' dir='ltr'><strong>communioni</strong></span> <span class='ocrx_word' id='word_1_141' title='bbox 1167 2569 1621 2647; x_wconf 78' lang='lat' dir='ltr'><strong>restituuntur3</strong></span> <span class='ocrx_word' id='word_1_142' title='bbox 1658 2570 1769 2658; x_wconf 88' lang='lat' dir='ltr'><strong>qui</strong></span> <span class='ocrx_word' id='word_1_143' title='bbox 1805 2593 1955 2636; x_wconf 80' lang='lat' dir='ltr'><strong>vero</strong></span> <span class='ocrx_word' id='word_1_144' title='bbox 1986 2571 2119 2636; x_wconf 88' lang='lat' dir='ltr'><strong>siue</strong></span> <span class='ocrx_word' id='word_1_145' title='bbox 2156 2570 2365 2637; x_wconf 79' lang='lat' dir='ltr'><strong>offen·-</strong></span> 
     </span>
     <span class='ocr_line' id='line_1_21' title="bbox 325 2671 2362 2770; baseline 0.005 -35"><span class='ocrx_word' id='word_1_146' title='bbox 325 2671 503 2744; x_wconf 79' lang='lat' dir='ltr'><strong>sione</strong></span> <span class='ocrx_word' id='word_1_147' title='bbox 546 2684 611 2736; x_wconf 90' lang='lat' dir='ltr'><strong>et</strong></span> <span class='ocrx_word' id='word_1_148' title='bbox 644 2695 803 2761; x_wconf 87' lang='lat' dir='ltr'><strong>pure</strong></span> <span class='ocrx_word' id='word_1_149' title='bbox 837 2672 1164 2749; x_wconf 58' lang='lat' dir='ltr'><strong>vixerim»,</strong></span> <span class='ocrx_word' id='word_1_150' title='bbox 1197 2689 1655 2766; x_wconf 78' lang='lat' dir='ltr'><strong>promoventur</strong></span> <span class='ocrx_word' id='word_1_151' title='bbox 1682 2676 2262 2770; x_wconf 54' lang='lat' dir='ltr'><strong>acl-sacerdotium,</strong></span> <span class='ocrx_word' id='word_1_152' title='bbox 2294 2690 2362 2746; x_wconf 78' lang='lat' dir='ltr'><strong>et</strong></span> 
     </span>
     <span class='ocr_line' id='line_1_22' title="bbox 325 2772 2364 2859; baseline 0.006 -21"><span class='ocrx_word' id='word_1_153' title='bbox 325 2772 405 2839; x_wconf 86' lang='lat' dir='ltr'><strong>ab</strong></span> <span class='ocrx_word' id='word_1_154' title='bbox 439 2775 732 2843; x_wconf 85' lang='lat' dir='ltr'><strong>exteriori</strong></span> <span class='ocrx_word' id='word_1_155' title='bbox 759 2780 903 2844; x_wconf 86' lang='lat' dir='ltr'><strong>loco</strong></span> <span class='ocrx_word' id='word_1_156' title='bbox 938 2777 1196 2846; x_wconf 85' lang='lat' dir='ltr'><strong>interius</strong></span> <span class='ocrx_word' id='word_1_157' title='bbox 1229 2782 1308 2846; x_wconf 85' lang='lat' dir='ltr'><strong>ad</strong></span> <span class='ocrx_word' id='word_1_158' title='bbox 1340 2782 1550 2847; x_wconf 83' lang='lat' dir='ltr'><strong>altaris</strong></span> <span class='ocrx_word' id='word_1_159' title='bbox 1580 2781 1874 2847; x_wconf 83' lang='lat' dir='ltr'><strong>viciniam</strong></span> <span class='ocrx_word' id='word_1_160' title='bbox 1908 2782 2195 2859; x_wconf 77' lang='lat' dir='ltr'><strong>admissi,</strong></span> <span class='ocrx_word' id='word_1_161' title='bbox 2233 2797 2364 2850; x_wconf 86' lang='lat' dir='ltr'><strong>sta-</strong></span> 
     </span>
     <span class='ocr_line' id='line_1_23' title="bbox 325 2881 2393 2977; baseline 0.005 -31"><span class='ocrx_word' id='word_1_162' title='bbox 325 2893 458 2947; x_wconf 87' lang='lat' dir='ltr'><strong>tum</strong></span> <span class='ocrx_word' id='word_1_163' title='bbox 500 2881 629 2969; x_wconf 85' lang='lat' dir='ltr'><strong>jam</strong></span> <span class='ocrx_word' id='word_1_164' title='bbox 670 2896 735 2950; x_wconf 87' lang='lat' dir='ltr'><strong>et</strong></span> <span class='ocrx_word' id='word_1_165' title='bbox 774 2886 1065 2951; x_wconf 79' lang='lat' dir='ltr'><strong>ordinem</strong></span> <span class='ocrx_word' id='word_1_166' title='bbox 1098 2887 1455 2977; x_wconf 86' lang='lat' dir='ltr'><strong>accipiunt,</strong></span> <span class='ocrx_word' id='word_1_167' title='bbox 1502 2900 1571 2954; x_wconf 87' lang='lat' dir='ltr'><strong>ut</strong></span> <span class='ocrx_word' id='word_1_168' title='bbox 1606 2888 1878 2954; x_wconf 86' lang='lat' dir='ltr'><strong>ministri</strong></span> <span class='ocrx_word' id='word_1_169' title='bbox 1918 2902 1988 2955; x_wconf 78' lang='lat' dir='ltr'><strong>et</strong></span> <span class='ocrx_word' id='word_1_170' title='bbox 2020 2910 2393 2957; x_wconf 78' lang='lat' dir='ltr'><strong>assessores·</strong></span> 
     </span>
     <span class='ocr_line' id='line_1_24' title="bbox 317 2988 2362 3084; baseline 0.001 -27"><span class='ocrx_word' id='word_1_171' title='bbox 317 2988 595 3057; x_wconf 87' lang='lat' dir='ltr'><strong>Domino</strong></span> <span class='ocrx_word' id='word_1_172' title='bbox 620 2988 811 3066; x_wconf 78' lang='lat' dir='ltr'><strong>fiant3</strong></span> <span class='ocrx_word' id='word_1_173' title='bbox 845 2993 927 3057; x_wconf 82' lang='lat' dir='ltr'><strong>ad</strong></span> <span class='ocrx_word' id='word_1_174' title='bbox 958 2992 1354 3059; x_wconf 77' lang='lat' dir='ltr'><strong>consimilem</strong></span> <span class='ocrx_word' id='word_1_175' title='bbox 1379 2995 1642 3059; x_wconf 86' lang='lat' dir='ltr'><strong>modum</strong></span> <span class='ocrx_word' id='word_1_176' title='bbox 1669 3015 1802 3059; x_wconf 85' lang='lat' dir='ltr'><strong>rem</strong></span> <span class='ocrx_word' id='word_1_177' title='bbox 1827 3003 1893 3059; x_wconf 83' lang='lat' dir='ltr'><strong>so</strong></span> <span class='ocrx_word' id='word_1_178' title='bbox 1917 2994 2153 3060; x_wconf 79' lang='lat' dir='ltr'><strong>habere</strong></span> <span class='ocrx_word' id='word_1_179' title='bbox 2176 3017 2362 3084; x_wconf 83' lang='lat' dir='ltr'><strong>repu-</strong></span> 
     </span>
     <span class='ocr_line' id='line_1_25' title="bbox 319 3096 2361 3190; baseline 0.002 -28"><span class='ocrx_word' id='word_1_180' title='bbox 319 3108 527 3164; x_wconf 86' lang='lat' dir='ltr'><strong>temus</strong></span> <span class='ocrx_word' id='word_1_181' title='bbox 568 3096 630 3162; x_wconf 88' lang='lat' dir='ltr'><strong>in</strong></span> <span class='ocrx_word' id='word_1_182' title='bbox 670 3097 791 3164; x_wconf 79' lang='lat' dir='ltr'><strong>hac</strong></span> <span class='ocrx_word' id='word_1_183' title='bbox 825 3099 1094 3186; x_wconf 84' lang='lat' dir='ltr'><strong>mystica</strong></span> <span class='ocrx_word' id='word_1_184' title='bbox 1125 3098 1397 3190; x_wconf 88' lang='lat' dir='ltr'><strong>Spiritus</strong></span> <span class='ocrx_word' id='word_1_185' title='bbox 1433 3098 1926 3175; x_wconf 82' lang='lat' dir='ltr'><strong>communione,</strong></span> <span class='ocrx_word' id='word_1_186' title='bbox 1960 3121 2081 3190; x_wconf 82' lang='lat' dir='ltr'><strong>qua</strong></span> <span class='ocrx_word' id='word_1_187' title='bbox 2116 3100 2361 3166; x_wconf 81' lang='lat' dir='ltr'><strong>dictum</strong></span> 
     </span>
     <span class='ocr_line' id='line_1_26' title="bbox 319 3201 2357 3292; baseline 0.002 -25"><span class='ocrx_word' id='word_1_188' title='bbox 319 3203 401 3268; x_wconf 76' lang='lat' dir='ltr'><strong>ab</strong></span> <span class='ocrx_word' id='word_1_189' title='bbox 439 3201 742 3292; x_wconf 84' lang='lat' dir='ltr'><strong>Apostolo</strong></span> <span class='ocrx_word' id='word_1_190' title='bbox 781 3217 876 3270; x_wconf 87' lang='lat' dir='ltr'><strong>est</strong></span> <span class='ocrx_word' id='word_1_191' title='bbox 907 3227 926 3270; x_wconf 71' lang='grc' dir='ltr'><em>τ</em></span> <span class='ocrx_word' id='word_1_192' title='bbox 979 3233 1004 3267; x_wconf 77' lang='grc' dir='ltr'>ι</span> <span class='ocrx_word' id='word_1_193' title='bbox 1029 3206 1241 3292; x_wconf 76' lang='lat' dir='ltr'><strong>Gratia</strong></span> <span class='ocrx_word' id='word_1_194' title='bbox 1294 3206 1551 3272; x_wconf 90' lang='lat' dir='ltr'><strong>Domini</strong></span> <span class='ocrx_word' id='word_1_195' title='bbox 1618 3206 1817 3273; x_wconf 85' lang='lat' dir='ltr'><strong>nostri</strong></span> <span class='ocrx_word' id='word_1_196' title='bbox 1874 3205 2029 3272; x_wconf 80' lang='lat' dir='ltr'><strong>Jesu</strong></span> <span class='ocrx_word' id='word_1_197' title='bbox 2085 3205 2357 3281; x_wconf 78' lang='lat' dir='ltr'><strong>Christi,</strong></span> 
     </span>
     <span class='ocr_line' id='line_1_27' title="bbox 319 3308 2348 3398; baseline -0.001 -25"><span class='ocrx_word' id='word_1_198' title='bbox 319 3335 346 3367; x_wconf 71' lang='grc' dir='ltr'><strong><em>ι</em></strong></span> <span class='ocrx_word' id='word_1_199' title='bbox 364 3308 636 3374; x_wconf 83' lang='lat' dir='ltr'><strong>charitas</strong></span> <span class='ocrx_word' id='word_1_200' title='bbox 657 3311 773 3375; x_wconf 88' lang='lat' dir='ltr'><strong>Dei</strong></span> <span class='ocrx_word' id='word_1_201' title='bbox 794 3323 861 3376; x_wconf 89' lang='lat' dir='ltr'><strong>ot</strong></span> <span class='ocrx_word' id='word_1_202' title='bbox 882 3311 1106 3387; x_wconf 81' lang='lat' dir='ltr'><strong>Patris,</strong></span> <span class='ocrx_word' id='word_1_203' title='bbox 1135 3324 1201 3377; x_wconf 84' lang='lat' dir='ltr'><strong>et</strong></span> <span class='ocrx_word' id='word_1_204' title='bbox 1221 3312 1719 3378; x_wconf 80' lang='lat' dir='ltr'><strong>communicatio</strong></span> <span class='ocrx_word' id='word_1_205' title='bbox 1745 3312 1946 3377; x_wconf 87' lang='lat' dir='ltr'><strong>sancti</strong></span> <span class='ocrx_word' id='word_1_206' title='bbox 1970 3309 2298 3398; x_wconf 84' lang='lat' dir='ltr'><strong>Spiritus¹.</strong></span> <span class='ocrx_word' id='word_1_207' title='bbox 2322 3338 2348 3370; x_wconf 70' lang='grc' dir='ltr'><strong>ι</strong></span> 
     </span>
     <span class='ocr_line' id='line_1_28' title="bbox 324 3401 2364 3505; baseline -0 -25"><span class='ocrx_word' id='word_1_208' title='bbox 324 3414 606 3490; x_wconf 85' lang='lat' dir='ltr'><strong>Videbis,</strong></span> <span class='ocrx_word' id='word_1_209' title='bbox 631 3417 924 3502; x_wconf 82' lang='lat' dir='ltr'><strong>inquam,</strong></span> <span class='ocrx_word' id='word_1_210' title='bbox 953 3417 1221 3481; x_wconf 87' lang='lat' dir='ltr'><strong>similem</strong></span> <span class='ocrx_word' id='word_1_211' title='bbox 1251 3419 1357 3482; x_wconf 89' lang='lat' dir='ltr'><strong>hic</strong></span> <span class='ocrx_word' id='word_1_212' title='bbox 1380 3401 1636 3505; x_wconf 56' lang='lat' dir='ltr'><strong>quoqne</strong></span> <span class='ocrx_word' id='word_1_213' title='bbox 1668 3416 1844 3503; x_wconf 87' lang='lat' dir='ltr'><strong>quasi</strong></span> <span class='ocrx_word' id='word_1_214' title='bbox 1877 3414 2224 3502; x_wconf 81' lang='lat' dir='ltr'><strong>disciplinae</strong></span> <span class='ocrx_word' id='word_1_215' title='bbox 2255 3437 2364 3479; x_wconf 75' lang='lat' dir='ltr'><strong>on-</strong></span> 
     </span>
     <span class='ocr_line' id='line_1_29' title="bbox 320 3516 2361 3607; baseline -0.001 -21"><span class='ocrx_word' id='word_1_216' title='bbox 320 3519 553 3586; x_wconf 88' lang='lat' dir='ltr'><strong>dinem.</strong></span> <span class='ocrx_word' id='word_1_217' title='bbox 585 3520 844 3586; x_wconf 79' lang='lat' dir='ltr'><strong>Habitat</strong></span> <span class='ocrx_word' id='word_1_218' title='bbox 867 3519 1038 3581; x_wconf 89' lang='lat' dir='ltr'><strong>enim</strong></span> <span class='ocrx_word' id='word_1_219' title='bbox 1064 3519 1274 3581; x_wconf 79' lang='lat' dir='ltr'><strong>divina</strong></span> <span class='ocrx_word' id='word_1_220' title='bbox 1295 3519 1650 3584; x_wconf 81' lang='lat' dir='ltr'><strong>Trinitasin</strong></span> <span class='ocrx_word' id='word_1_221' title='bbox 1674 3521 1883 3585; x_wconf 82' lang='lat' dir='ltr'><strong>anima</strong></span> <span class='ocrx_word' id='word_1_222' title='bbox 1906 3540 2066 3607; x_wconf 85' lang='lat' dir='ltr'><strong>puro</strong></span> <span class='ocrx_word' id='word_1_223' title='bbox 2087 3516 2361 3594; x_wconf 80' lang='lat' dir='ltr'><strong>vivente,</strong></span> 
     </span>
     <span class='ocr_line' id='line_1_30' title="bbox 315 3619 2367 3709; baseline -0.001 -21"><span class='ocrx_word' id='word_1_224' title='bbox 315 3645 470 3689; x_wconf 82' lang='lat' dir='ltr'><strong>cum</strong></span> <span class='ocrx_word' id='word_1_225' title='bbox 502 3624 842 3708; x_wconf 81' lang='lat' dir='ltr'><strong>adjuvante</strong></span> <span class='ocrx_word' id='word_1_226' title='bbox 881 3620 1079 3709; x_wconf 83' lang='lat' dir='ltr'><strong>ipsam</strong></span> <span class='ocrx_word' id='word_1_227' title='bbox 1113 3620 1348 3684; x_wconf 66' lang='lat' dir='ltr'><strong>divina&gt;</strong></span> <span class='ocrx_word' id='word_1_228' title='bbox 1369 3620 1776 3706; x_wconf 82' lang='lat' dir='ltr'><strong>benignitatis</strong></span> <span class='ocrx_word' id='word_1_229' title='bbox 1812 3621 2086 3694; x_wconf 68' lang='lat' dir='ltr'><strong>au‘xilioz</strong></span> <span class='ocrx_word' id='word_1_230' title='bbox 2121 3619 2367 3686; x_wconf 80' lang='lat' dir='ltr'><strong>habitat</strong></span> 
     </span>
     <span class='ocr_line' id='line_1_31' title="bbox 309 3723 2361 3816; baseline -0 -23"><span class='ocrx_word' id='word_1_231' title='bbox 309 3740 537 3793; x_wconf 64' lang='lat' dir='ltr'><strong>autem</strong></span> <span class='ocrx_word' id='word_1_232' title='bbox 565 3749 692 3792; x_wconf 90' lang='lat' dir='ltr'><strong>non</strong></span> <span class='ocrx_word' id='word_1_233' title='bbox 725 3728 1130 3814; x_wconf 72' lang='lat' dir='ltr'><strong>inquantum</strong></span> <span class='ocrx_word' id='word_1_234' title='bbox 1166 3725 1231 3792; x_wconf 91' lang='lat' dir='ltr'><strong>in</strong></span> <span class='ocrx_word' id='word_1_235' title='bbox 1264 3747 1331 3792; x_wconf 87' lang='lat' dir='ltr'><strong>se</strong></span> <span class='ocrx_word' id='word_1_236' title='bbox 1358 3737 1455 3793; x_wconf 86' lang='lat' dir='ltr'><strong>est</strong></span> <span class='ocrx_word' id='word_1_237' title='bbox 1467 3749 1490 3801; x_wconf 82' lang='lat'><strong>,-</strong></span> <span class='ocrx_word' id='word_1_238' title='bbox 1522 3723 1611 3791; x_wconf 88' lang='lat' dir='ltr'><strong>sic</strong></span> <span class='ocrx_word' id='word_1_239' title='bbox 1651 3725 1822 3791; x_wconf 91' lang='lat' dir='ltr'><strong>enim</strong></span> <span class='ocrx_word' id='word_1_240' title='bbox 1871 3736 1967 3792; x_wconf 86' lang='lat' dir='ltr'><strong>est</strong></span> <span class='ocrx_word' id='word_1_241' title='bbox 1995 3725 2361 3816; x_wconf 80' lang='lat' dir='ltr'><strong>incompre-</strong></span> 
     </span>
     <span class='ocr_line' id='line_1_32' title="bbox 318 3831 2359 3921; baseline -0.001 -19"><span class='ocrx_word' id='word_1_242' title='bbox 318 3832 647 3902; x_wconf 79' lang='lat' dir='ltr'><strong>heusibilis</strong></span> <span class='ocrx_word' id='word_1_243' title='bbox 669 3831 1011 3909; x_wconf 79' lang='lat' dir='ltr'><strong>universoe,</strong></span> <span class='ocrx_word' id='word_1_244' title='bbox 1038 3845 1272 3920; x_wconf 80' lang='lat' dir='ltr'><strong>quauta</strong></span> <span class='ocrx_word' id='word_1_245' title='bbox 1304 3845 1434 3907; x_wconf 86' lang='lat' dir='ltr'><strong>ost,</strong></span> <span class='ocrx_word' id='word_1_246' title='bbox 1459 3845 1798 3910; x_wconf 66' lang='lat' dir='ltr'><strong>creaturae,</strong></span> <span class='ocrx_word' id='word_1_247' title='bbox 1826 3832 1979 3900; x_wconf 86' lang='lat' dir='ltr'><strong>sed</strong></span> <span class='ocrx_word' id='word_1_248' title='bbox 1961 3851 2025 3899; x_wconf 75' lang='lat' dir='ltr'><strong>in</strong></span> <span class='ocrx_word' id='word_1_249' title='bbox 2048 3845 2359 3921; x_wconf 80' lang='lat' dir='ltr'><strong>quantum</strong></span> 
     </span>
    </p>
   </div>
   <div class='ocr_carea' id='block_1_3' title="bbox 319 3938 2358 4064">
    <p class='ocr_par' dir='ltr' id='par_1_4' title="bbox 319 3938 2358 4064">
     <span class='ocr_line' id='line_1_33' title="bbox 319 3938 2358 4064; baseline 0.003 -56"><span class='ocrx_word' id='word_1_250' title='bbox 319 3952 506 4031; x_wconf 79' lang='lat' dir='ltr'><strong>aptus</strong></span> <span class='ocrx_word' id='word_1_251' title='bbox 523 3952 594 4008; x_wconf 82' lang='lat' dir='ltr'><strong>ot</strong></span> <span class='ocrx_word' id='word_1_252' title='bbox 616 3962 811 4064; x_wconf 74' lang='lat' dir='ltr'><strong>capax</strong></span> <span class='ocrx_word' id='word_1_253' title='bbox 831 3953 929 4009; x_wconf 83' lang='lat' dir='ltr'><strong>est</strong></span> <span class='ocrx_word' id='word_1_254' title='bbox 948 3941 1162 4054; x_wconf 81' lang='lat' dir='ltr'><strong>bomo·</strong></span> <span class='ocrx_word' id='word_1_255' title='bbox 1194 3940 1543 4033; x_wconf 69' lang='lat' dir='ltr'><strong>Postquam</strong></span> <span class='ocrx_word' id='word_1_256' title='bbox 1560 3962 1713 4009; x_wconf 80' lang='lat' dir='ltr'><strong>vero</strong></span> <span class='ocrx_word' id='word_1_257' title='bbox 1732 3939 1945 4012; x_wconf 61' lang='lat' dir='ltr'><strong>anima·</strong></span> <span class='ocrx_word' id='word_1_258' title='bbox 1964 3940 2035 4009; x_wconf 78' lang='lat' dir='ltr'><strong>iu</strong></span> <span class='ocrx_word' id='word_1_259' title='bbox 2055 3938 2358 4034; x_wconf 72' lang='lat' dir='ltr'><strong>quopiam</strong></span> 
     </span>
    </p>
   </div>
   <div class='ocr_carea' id='block_1_4' title="bbox 391 4079 841 4144">
    <p class='ocr_par' dir='ltr' id='par_1_5' title="bbox 391 4079 841 4144">
     <span class='ocr_line' id='line_1_34' title="bbox 391 4079 841 4144; baseline -0.013 -9.437"><span class='ocrx_word' id='word_1_260' title='bbox 391 4091 461 4134; x_wconf 65' lang='grc' dir='ltr'>ὐ</span> <span class='ocrx_word' id='word_1_261' title='bbox 484 4080 599 4134; x_wconf 78' lang='lat' dir='ltr'><strong>Cor</strong></span> <span class='ocrx_word' id='word_1_262' title='bbox 623 4094 743 4144; x_wconf 70' lang='lat' dir='ltr'><strong>xm,</strong></span> <span class='ocrx_word' id='word_1_263' title='bbox 769 4079 841 4133; x_wconf 63' lang='lat' dir='ltr'><strong>iz.</strong></span> 
     </span>
    </p>
   </div>
  </div>
 </body>
</html>
