2982 4885
811 565 1127 609 AEcrrrius
1175 567 1254 611 n'r
1309 546 1794 611 annuamus.
2284 566 2329 631 9

293 681 504 750 datur
555 704 637 750 ex
674 680 967 749 Joannis
1014 680 1248 751 Maria?
1286 681 1781 750 Brasichellani
1828 684 2324 774 expurgator-io

304 792 586 890 Indice,
640 809 763 878 ubi
806 812 896 877 ita
946 811 1198 903 legitur
1241 835 1312 879 :-
1348 810 1535 880 Illud
1568 822 1968 905 opportune
1996 808 2326 879 observa-

296 969 323 1003 »
346 964 499 1009 mus
525 941 852 1034 quaedam
884 926 1013 1012 illis
1040 942 1347 1012 homiliis
1376 944 1600 1012 inesse
1629 940 1927 1012 obscura
1947 992 1967 1024 ,
2003 938 2324 1033 ambigua

298 1098 322 1133 ι
341 1080 412 1137 et
448 1093 484 1137 a
513 1073 802 1165 proprio
824 1085 1218 1167 exactoque
1239 1096 1434 1142 more
1458 1069 1805 1167 loquendi
1833 1070 2324 1163 theologorum

290 1229 318 1259 ι
344 1198 836 1293 quadantenus
868 1202 1116 1288 aliena,
1141 1199 1587 1296 proindeque
1618 1225 1778 1270 cum
1805 1198 2070 1293 judicio
2098 1210 2168 1266 et
2195 1197 2329 1266 cir·

291 1356 318 1386 υ
344 1343 751 1424 cumspecte
780 1331 1116 1424 legenda;
1155 1343 1228 1401 et
1258 1331 1500 1402 subest
1526 1334 1833 1428 suspicio
1860 1355 1950 1401 ne
1979 1329 2064 1399 ab
2088 1330 2327 1422 aliquo

294 1488 319 1517 n
346 1456 720 1551 Pelagiano
741 1462 880 1529 sint
908 1461 1163 1532 alicubi
1202 1464 1661 1557 interpolatae.
1704 1460 1924 1532 -vide
1943 1458 2327 1530 Labbaeum

294 1586 628 1671 (Dissert.
692 1589 856 1657 hist.
900 1590 990 1658 de
1025 1593 1261 1682 script.
1303 1593 1553 1659 eccles.
1593 1605 1763 1659 tom.
1813 1613 1936 1658 vu.
1986 1612 2138 1681 pag.
2171 1587 2319 1678 ζμ).

298 1710 623 1784 Homiliis
646 1730 877 1785 autem
901 1718 1033 1786 illis
1061 1731 1132 1786 et
1156 1717 1553 1813 opusculis,
1578 1743 1740 1814 quae
1762 1718 1953 1811 juxta
1967 1715 2102 1784 vim
2122 1713 2327 1799 tituli,

292 1843 444 1912 imo
462 1856 535 1913 et
548 1843 738 1937 juxta
764 1849 863 1916 rei
885 1849 1275 1934 veritatem,
1293 1878 1319 1909 ι
1338 1845 1723 1943 Permagna
1742 1848 2034 1918 utilitate
2052 1843 2323 1915 refertae

295 1988 504 2045 »sunt
539 1989 609 2046 et
659 1979 1032 2074 spiritualis
1069 1980 1265 2048 succi
1303 1980 1531 2073 plenae
1559 2027 1578 2059 ,
1623 2008 1650 2042 ι
1696 1974 2217 2069 subjunguntur
2249 1974 2321 2042 in

292 2103 515 2175 Editis
562 2132 705 2178 non
739 2107 1182 2203 dedignanda
1233 2107 1302 2178 S.
1360 2107 1639 2180 Macarii
1696 2108 2253 2204 Apophtegmata
2293 2150 2314 2183 ‚

289 2241 776 2335 nonnullaque
833 2240 1150 2335 ejusdem
1204 2240 1592 2334 fragmenta
1641 2240 1780 2309 sive
1832 2262 1920 2308 ex
1967 2233 2140 2305 Vitis
2183 2231 2319 2301 Pa-

290 2384 506 2457 trum‚
539 2372 677 2440 sive
711 2396 795 2440 ex
825 2369 1151 2440 Cassiano
1182 2384 1535 2465 excerpta.

358 2499 825 2594 IV.Regulam
849 2502 939 2568 ad
963 2500 1319 2568 monachos
1338 2522 1481 2565 non
1501 2510 1743 2565 sancto
1765 2496 2068 2565 Macario
2084 2496 2321 2588 AEgyp-

292 2632 419 2712 tio,
439 2626 566 2698 sed
584 2641 824 2699 sancto
846 2628 1151 2698 Macario
1177 2623 1645 2697 Alexandrino
1671 2649 1823 2698 esse
1852 2621 2318 2695 referendam.

294 2757 497 2828 Licet
535 2760 723 2827 enim
756 2756 1107 2828 Palladius
1142 2759 1327 2827 illam
1368 2759 1682 2828 Macario
1716 2761 1975 2853 Magno
2007 2753 2314 2826 tribuere

285 2886 626 2972 videatur,
642 2885 763 2981 (de
776 2885 1208 2960 Virisillustr.
1234 2886 1490 2983 cap.x.)
1518 2901 1588 2957 et
1605 2888 1753 2960 duo
1772 2889 2146 2982 scriptores
2161 2909 2318 2955 ano·

284 3019 665 3112 nymi‚aevo
685 3018 1102 3113 posteriore,
1141 3014 1351 3105 hujus
1384 3019 1640 3111 regulae
1676 3017 2124 3102 meminerint
2150 3037 2312 3084 cum
2353 3071 2368 3076 -

282 3150 438 3219 solo
464 3146 746 3218 Macarii
769 3149 1087 3229 nomine,
1113 3148 1307 3217 nulla
1336 3148 1785 3219 distinctione
1808 3148 1986 3219 facta
2010 3148 2315 3220 Senioris

281 3281 390 3351 vel
418 3277 459 3348 J
467 3280 755 3366 unioris,
793 3276 1236 3373 probabilius
1265 3278 1689 3350 crediderim
1725 3303 1886 3351 cum
1914 3279 2141 3349 doctis
2173 3281 2313 3350 cri-

283 3412 438 3480 ticis
463 3409 652 3478 illam
685 3419 931 3478 sancto
959 3406 1256 3478 Macario
1290 3410 1760 3480 Alexandrino
1796 3405 2307 3490 vindicandam,

281 3564 470 3624 cum,
485 3539 775 3634 quando
796 3541 1020 3632 agitur
1033 3537 1123 3607 de
1138 3538 2063 3635 MacarioAEgyptio.semper
2080 3536 2312 3633 Magni

280 3694 545 3740 nomen
598 3669 1040 3765 adjungatur,
1087 3667 1284 3764 quod
1329 3670 1397 3737 in
1437 3671 1803 3764 anonymis
1845 3694 1989 3739 non
2028 3671 2307 3764 legitur,

280 3810 353 3866 et
375 3801 762 3891 praesertim
793 3797 976 3894 apud
1008 3812 1327 3868 sanctum
1350 3796 1814 3869 Benedictum
1842 3797 2309 3868 Ananiensem

279 3927 610 4000 abbatem
651 3931 1005 4023 ipsissimis
1046 3927 1273 4002 verbis
1311 3928 1585 4000 dicatur
1615 3955 1640 4002 ε
1695 3930 1991 4035 {Sancti
2030 3927 2311 4004 Macarii

292 4058 833 4146 -Alexandrini,
893 4060 1160 4133 abbatis
1186 4064 1595 4147 Nitriensis‚
1656 4066 1893 4157 regula
1944 4061 2034 4134 ad
2066 4084 2315 4130 mona·-
