2982 4885
542 424 671 504 ⁴24
1115 480 1122 481 a
1207 443 1252 484 s.
1309 442 1569 486 menn
1618 442 1887 486 ,πῖναι
1990 444 2030 509 ⁶·

539 557 815 628 hominis
835 606 853 635 ,
887 572 959 623 ut
987 581 1100 646 per
1138 561 1354 623 locum
1374 607 1392 632 ,
1430 558 1493 622 in
1519 579 1647 645 quo
1669 571 1841 634 erat,
1868 557 2205 627 transiret:
2238 562 2591 649 apparebat

543 677 752 729 autem
782 663 958 750 quasi
990 662 1271 728 tunicam
1309 675 1558 751 gestans
1595 663 1826 727 lineam
1864 662 2250 750 perforatam
2274 712 2293 738 ,
2329 687 2367 731 a
2403 667 2586 754 cujus

541 768 955 837 foraminibus
987 769 1357 859 pendebant
1387 768 1565 857 parvi
1592 767 1853 855 lecythi.
1884 768 2054 861 Dicit
2088 769 2147 834 ei
2181 792 2450 858 magnus
2492 795 2587 838 se-

543 897 701 942 nex:
725 875 880 957 'Quo
913 874 1135 941 vadis?
1155 873 1537 963 Respondit:
1564 872 1945 940 Pmficiscor
1977 876 2056 938 ad
2089 875 2345 951 fratres,
2384 890 2454 941 ut
2489 877 2580 942 eis

542 1002 893 1069 suggeram.
932 980 1098 1046 Tum
1138 1002 1328 1044 senex
1353 1002 1390 1044 ι.
1407 980 1485 1044 Et
1532 1001 1728 1066 quare
1762 979 1874 1044 tibi
1924 981 2217 1067 ampulla»,
2250 980 2388 1046 haei’
2424 981 2574 1045 Ille:

540 1084 758 1151 Affero
782 1084 1079 1150 fratribus
1106 1083 1529 1149 condimenta.
1555 1084 1794 1149 Senex:
1827 1083 1907 1148 Et
1932 1082 2070 1147 haec
2095 1084 2351 1147 omnia?
2376 1085 2583 1149 Exce-

545 1188 642 1278 pit
659 1238 677 1264 ,
710 1186 934 1262 etiam,
960 1188 1012 1254 si
1039 1211 1238 1253 unum
1265 1186 1452 1253 alicui
1474 1210 1609 1255 non
1630 1187 1974 1278 placuerit,
2010 1186 2175 1252 aliud
2197 1188 2452 1274 porrigo
2478 1214 2498 1262 3
2526 1189 2579 1252 si

545 1315 754 1381 neque
784 1294 912 1360 hoc
931 1342 950 1370 ,
988 1295 1072 1359 do
1095 1294 1264 1360 aliud
1284 1341 1302 1369 ,
1337 1294 1600 1359 omnino
1633 1288 1849 1365 autem
1876 1314 1954 1358 ex
1984 1291 2101 1357 iuis
2131 1293 2345 1357 saltem
2372 1313 2577 1355 unum

545 1399 932 1487 placiturum
963 1411 1062 1464 est
1090 1397 1168 1464 ei.
1200 1400 1407 1486 Atque
1437 1395 1536 1464 his
1568 1398 1753 1465 dictis
1784 1396 1955 1463 abiit.
1998 1398 2079 1463 At
2111 1418 2293 1463 senex
2324 1417 2582 1465 reman-

547 1501 669 1575 sit.
704 1502 1044 1570 observans
1066 1502 1197 1570 vias
1223 1551 1242 1580 ,
1286 1505 1491 1570 donec
1523 1516 1965 1571 reverteretur.
2013 1503 2218 1588 thue
2256 1501 2586 1590 conspexit

548 1605 753 1683 illum,
791 1608 905 1676 ait:
926 1608 1149 1674 Salvus
1174 1608 1275 1674 sis.
1307 1608 1422 1676 llle
1454 1610 1781 1697 respondit
1807 1632 1823 1674 ε
1847 1607 2187 1691 Οιιῳῃοᾶο
2216 1607 2585 1695 contingere

545 1711 706 1777 mihi
721 1714 974 1802 poterit,
995 1725 1064 1777 ut
1082 1713 1287 1777 salvus
1310 1712 1471 1778 sim?
1493 1712 1741 1778 Senex?
1757 1712 1994 1792 Quare,
2017 1713 2128 1777 Ille
2147 1734 2163 1775 :
2182 1710 2351 1792 Quia
2371 1710 2579 1776 cuncti

545 1816 702 1880 nihi
733 1817 989 1881 fuerunt
1017 1816 1318 1890 immites,
1343 1838 1460 1883 nec
1496 1818 1662 1882 ullus
1695 1817 1993 1883 sustinuit
2026 1840 2148 1881 me.
2188 1816 2288 1882 Ad
2319 1839 2458 1881 eum
2488 1838 2577 1879 se-

545 1940 704 1984 nex:
731 1919 953 1987 Nullus
987 1941 1140 2006 ergo
1167 1920 1293 1985 illic
1316 1919 1431 1984 tibi
1458 1920 1702 1985 amicus
1726 1919 1756 1983 Ρ
1784 1920 1885 1986 Ad
1915 1943 2133 1986 senem
2159 1921 2455 1989 Satanas:
2486 1918 2576 1985 Ne

548 2042 748 2086 unum
790 2021 877 2086 ibi
909 2024 1185 2088 amicum
1222 2021 1466 2095 habeo,
1499 2022 1607 2110 qui
1648 2026 1750 2088 vel
1781 2022 1913 2112 ipse
1945 2024 2104 2088 mihi
2137 2027 2574 2114 obtemperat:

549 2145 824 2211 cumque
852 2146 956 2190 me
992 2124 1341 2215 conspicit,
1374 2126 1573 2192 instar
1613 2150 1781 2193 aurae
1811 2128 2099 2195 vertitur.
2150 2131 2315 2195 Tum
2359 2149 2573 2194 senex:

550 2228 891 2307 Quomodo
900 2241 1165 2297 vocatur
1179 2231 1372 2297 frater
1386 2232 1493 2303 ille
1511 2230 1541 2297 Ρ
1555 2231 1813 2299 Satanas
1828 2234 1908 2297 ad
1919 2229 2066 2311 hoc,
2084 2232 2572 2321 Theopemptus.

551 2334 698 2413 Quo
742 2335 916 2401 dicto
955 2337 1257 2405 discessit.
1305 2340 1525 2427 Itaque
1562 2363 1823 2428 surgens
1869 2340 2065 2405 abbas
2100 2338 2410 2405 Macarius
2450 2360 2585 2427 per·

551 2438 722 2504 rexit
753 2442 834 2506 ad
864 2440 1226 2509 inferiorem
1264 2467 1577 2511 eremum.
1618 2444 1836 2535 anue
1864 2463 1935 2512 re
1969 2454 2282 2530 comperta
2322 2440 2579 2513 fratres,

553 2557 873 2609 sumentes
908 2568 1116 2636 ramos
1151 2549 1544 2635 palmarum,
1572 2550 1629 2614 ei
1665 2550 1914 2615 obviam
1949 2545 2332 2639 prodierunt.
2374 2542 2551 2607 Caete
2582 2589 2585 2590 ν

555 2670 700 2715 rum
755 2653 1186 2738 unusquisque
1240 2676 1467 2720 eorum
1512 2657 1908 2742 praeparabat
1953 2677 2057 2730 se,
2101 2663 2326 2741 putans
2351 2698 2368 2724 ‚
2415 2648 2584 2734 quod

554 2756 720 2841 apud
763 2755 968 2841 ipsum
1015 2755 1442 2822 diversaturns
1489 2773 1655 2825 esset
1694 2783 1905 2840 senex..
1959 2759 2043 2825 At
2075 2758 2178 2823 ille
2217 2752 2576 2842 requisivit,

553 2851 840 2944 quisnam
888 2870 1054 2925 esset
1091 2860 1443 2937 inmoute,
1484 2864 1593 2950 qui
1633 2863 2107 2951 Theopemptus
2140 2861 2569 2949 appellaretur.

556 2959 704 3038 Quo
729 2961 1006 3036 invento,
1041 2963 1293 3029 intravit
1326 2965 1390 3029 in
1420 2967 1647 3031 cellam
1678 2966 1835 3052 ejus.
1869 2966 2349 3052 Theopemptus
2383 2973 2577 3029 autem

556 3063 830 3150 suscepit
859 3085 1005 3128 eum
1034 3068 1233 3132 laetus.
1268 3069 1473 3156 thue
1506 3070 1698 3156 coepit
1730 3072 1932 3133 solum
1959 3089 2178 3131 secum
2208 3066 2470 3141 habere,
2497 3085 2582 3127 se·

557 3168 1092 3249 nex:Quomodo,
1120 3169 1347 3257 inquit,
1375 3193 1444 3236 se
1477 3194 1578 3235 res
1604 3185 1727 3236 tute
1760 3171 2022 3245 habent,
2053 3170 2291 3237 frater?
2314 3174 2371 3237 Is
2395 3167 2577 3234 dicit:

554 3276 776 3351 Recte,
804 3298 920 3364 per
951 3298 1170 3364 preces
1185 3287 1341 3341 tuaS.
1367 3276 1446 3341 Et
1474 3299 1699 3341 senex:
1724 3275 1892 3344 Num
1926 3279 2301 3367 impugnant
2335 3289 2394 3341 te
2416 3274 2587 3361 cogi-

561 3379 879 3445 tationes?
910 3377 1058 3446 Ille:
1087 3380 1345 3445 Interim
1375 3381 1531 3446 mihi
1563 3381 1729 3447 bene
1757 3393 1873 3448 est.
1923 3382 2208 3449 Pudebat
2237 3379 2403 3445 enim
2439 3385 2588 3441 e'um

558 3484 829 3551 edicere.
870 3484 977 3550 Ait
1007 3485 1098 3550 illi
1129 3507 1357 3550 senex:
1378 3485 1549 3552 Ecce
1573 3509 1605 3553 a
1633 3500 1790 3575 quot
1820 3488 1999 3552 annis
2031 3487 2218 3552 vita‘m
2250 3478 2584 3546 asceticam

562 3589 730 3655 duco
752 3639 769 3665 ‚
801 3603 865 3655 et
903 3590 1145 3682 bonore
1169 3588 1411 3656 afficior
1440 3591 1520 3657 ab
1554 3592 1850 3656 omnibus
1868 3616 1887 3666 ς
1925 3604 2199 3657 attamen
2226 3606 2330 3651 me
2369 3602 2586 3647 senem

561 3696 834 3782 Spiritus
899 3693 1331 3760 fornicationis
1391 3695 1659 3761 divexat.
1736 3695 2209 3785 Theopemptus
2271 3688 2520 3777 excepit
2570 3710 2587 3753 :

566 3795 772 3862 Crede
797 3842 815 3869 ,
881 3795 1068 3862 Abba
1111 3847 1128 3874 ‚
1196 3819 1303 3864 me
1359 3798 1572 3881 etiam.
1642 3799 1850 3866 Senex
1905 3820 2055 3866 vero
2121 3794 2457 3866 simulabat
2516 3792 2590 3859 ab

564 3901 699 3968 aliis
745 3898 936 3963 etiam
987 3899 1473 3989 cogitationibus
1517 3901 1867 4002 impugnari
1914 3926 2022 3982 se,
2075 3903 2280 3971 donec
2320 3922 2467 3966 eum
2517 3897 2595 3961 ud
