2982 4885
628 531 719 605 14-
1308 545 1357 587 ο.
1412 544 1535 589 mc
1547 540 1676 589 Anu
1723 535 1993 589 mevam

629 663 735 730 ille
765 659 1003 729 malitia
1038 682 1174 736 sua,
1202 661 1327 726 hoc
1350 673 1470 739 est,
1495 673 1798 750 peccato:
1834 659 2012 727 etsie
2032 682 2268 753 corpus
2293 666 2574 751 passioni
2597 690 2668 735 ac

630 768 1027 857 comptioni
1058 767 1419 855 subjectum
1451 779 1568 833 est.

692 874 789 940 ·11.
846 872 1011 939 Cum
1043 874 1214 938 enim
1246 875 1590 961 Apostolus
1623 870 1779 936 dicit
1804 895 1820 937 :
1845 872 2116 938 «Exuite
2147 886 2428 940 veterem
2460 875 2671 943 homi-

622 1005 648 1038 »
668 1000 884 1054 nem,·
906 979 1222 1067 integrum
1250 978 1428 1053 dicit,
1459 979 1802 1044 habentem
1834 980 2056 1044 oculos
2088 979 2216 1043 suis
2240 982 2442 1047 oculis
2463 984 2667 1070 adjec-

622 1094 758 1159 tos,
808 1096 1000 1173 caput
1033 1084 1254 1171 capiti,
1306 1106 1491 1148 aures
1522 1082 1813 1156 auribuS,
1858 1104 2086 1147 manus
2116 1083 2441 1161 manibuS,
2477 1091 2667 1176 pedes

624 1189 917 1278 pedibus,
973 1191 1207 1256 Totum
1240 1188 1411 1253 enim
1440 1190 1797 1265 hominem,
1847 1188 2124 1254 animam
2156 1203 2220 1255 et
2248 1214 2502 1279 corpuS,
2548 1194 2669 1259 im-

625 1295 865 1383 probua
888 1294 991 1360 ille
1014 1294 1243 1383 polluit
1259 1307 1322 1360 et
1341 1293 1654 1370 distraxit,
1681 1294 1998 1382 subiitque
2023 1296 2372 1371 bominem,
2391 1311 2668 1364 veterem

624 1400 977 1474 hominem,
1035 1402 1375 1489 pollutum,
1438 1399 1761 1488 impurum
1809 1413 1996 1488 atque
2043 1401 2164 1479 Dei
2216 1402 2485 1479 hostem,
2540 1428 2668 1471 nou

625 1506 993 1592 subjectum
1026 1506 1147 1593 legi
1188 1506 1330 1579 Dei,
1363 1506 1488 1571 hoc
1520 1519 1639 1579 est,
1677 1507 1883 1594 ipsum
1919 1520 2281 1594 peccatum,
2316 1508 2397 1572 ita
2428 1521 2498 1573 ut
2530 1532 2670 1575 am-

626 1610 795 1699 plius
838 1632 967 1674 non
1009 1610 1220 1677 videat
1260 1609 1452 1675 homo
1495 1633 1611 1698 pro
1649 1611 1860 1675 lubitu
1901 1633 2051 1686 suo,
2088 1615 2199 1677 sed
2237 1625 2309 1677 ut
2336 1635 2669 1702 perpet-am

628 1714 865 1786 videat,
890 1736 1228 1801 perperam
1253 1715 1491 1787 audiat,
1517 1726 1582 1779 et
1603 1717 1798 1802 pedes
1821 1716 2053 1781 habeat
2077 1718 2156 1782 ad
2179 1720 2666 1808 perpeti-andum

632 1818 879 1882 facinus
913 1820 1361 1893 accelerantes»,
1401 1839 1474 1883 ac
1511 1841 1735 1886 manus
1777 1821 2174 1908 iniquitatem
2207 1838 2575 1912 oper-antea,
2607 1841 2670 1893 et

631 1945 747 1987 eor
787 1922 1071 2011 cogitans
1112 1922 1339 1988 mala¹.
1380 1923 1810 1991 Obsecremus
1858 1927 2049 2016 igitur
2085 1941 2150 1994 et
2182 1952 2295 1994 nos
2327 1931 2529 1996 Deum
2552 1981 2568 2007 ,
2603 1944 2673 1998 ut

636 2037 831 2094 exuat
871 2050 987 2092 nos
1031 2028 1288 2093 homine
1317 2029 1548 2105 veteri,
1589 2031 1736 2117 quia
1770 2032 1904 2120 ipse
1942 2035 2112 2098 solus
2146 2056 2181 2098 a
2215 2034 2397 2101 uobis
2432 2037 2672 2103 auferre

637 2144 850 2221 potest
873 2120 1251 2220 pe'ccatum:
1285 2136 1430 2222 quia
1456 2134 1746 2201 fortiores
1772 2149 1942 2214 sunt,
1976 2139 2085 2226 qui
2116 2161 2230 2204 nos
2264 2142 2541 2229 captivos
2573 2142 2677 2209 ab·

637 2239 996 2312 duxerunt,
1033 2251 1099 2304 et
1131 2237 1194 2303 in
1220 2258 1414 2329 reguo
1446 2263 1560 2308 suo
1594 2242 1902 2335 detinent*
1940 2245 2080 2333 lpse
2110 2268 2260 2312 vero
2297 2249 2584 2335 promisit
2612 2273 2677 2314 se

641 2342 1058 2409 liberaturum
1107 2368 1222 2410 nos
1264 2368 1341 2411 ex
1371 2347 1674 2413 servitute
1716 2349 1856 2415 hac.
1900 2352 2462 2431 Quemadmodum
2509 2357 2674 2422 enim

641 2449 914 2544 sol-cum
945 2452 1138 2526 lucet,
1168 2464 1233 2517 et
1256 2467 1480 2520 ventus
1511 2455 1733 2544 spirat,
1770 2459 1863 2520 sol
1893 2457 2151 2544 quidem
2184 2462 2513 2550 proprium
2545 2485 2679 2531 cor-

637 2577 783 2643 pus,
815 2568 881 2620 et
910 2558 1232 2644 propriam
1264 2565 1560 2625 naturam
1592 2561 1807 2639 habet,
1843 2564 1997 2629 item
2021 2579 2082 2631 et
2107 2580 2333 2634 ventus
2358 2555 2677 2659 propriam

643 2674 966 2735 naturam,
1015 2674 1079 2726 et
1129 2663 1458 2750 propt-ium
1514 2687 1744 2755 corpus
1777 2669 1992 2747 habet,
2029 2687 2093 2740 et
2125 2698 2313 2740 nemo
2343 2689 2548 2765 potest
2581 2701 2674 2743 se-

649 2773 876 2868 parare
904 2777 1167 2829 ventum
1200 2788 1232 2830 a
1266 2770 1420 2843 sole,
1454 2768 1572 2835 nisi
1603 2775 1769 2839 solus
1798 2775 1969 2842 Deus
1994 2793 2279 2854 ventum,
2305 2804 2384 2847 ne
2409 2782 2673 2871 amplius

642 2866 866 2956 spiret,
900 2869 1248 2938 sedaverit:
1285 2872 1374 2938 sic
1399 2886 1462 2939 et
1496 2893 1830 2964 peccatum
1861 2883 2085 2950 animae
2118 2888 2536 2955 commixtum
2559 2901 2679 2963 est.

646 2973 919 3062 utroque
950 2975 1374 3044 nihilominus·
1391 2984 1712 3072 propriam
1745 2999 2038 3057 naturam
2068 2991 2362 3059 habente.

728 3079 840 3143 ΙΙΙ.
898 3080 1291 3167 Impossibile
1329 3085 1520 3173 igitur
1548 3103 1670 3166 est,
1705 3115 1996 3181 separare
2033 3098 2309 3164 animam
2335 3123 2364 3164 a
2392 3112 2680 3190 peccam,

643 3182 765 3249 nisi
807 3182 978 3248 Deus
1010 3188 1186 3251 sedet
1215 3201 1280 3253 et
1310 3190 1486 3256 sistat
1516 3195 1902 3264 malitiosum
1936 3201 2109 3266 huuc
2143 3217 2443 3282 ventum,
2497 3191 2686 3270 habi-

567 3341 570 3352 .
644 3299 887 3354 tantem
921 3287 986 3353 in
1020 3292 1225 3359 anima
1259 3307 1321 3359 et
1356 3319 1642 3387 corpore.
1683 3302 1764 3368 Et
1795 3327 2075 3385 rursum,
2110 3309 2680 3396 quemadmodum,

648 3391 698 3457 si
729 3392 871 3480 quis
893 3396 1099 3461 cernit
1131 3421 1306 3466 avem
1329 3405 1673 3483 volantem,
1703 3412 1836 3474 vult
1867 3424 1932 3477 et
1963 3413 1979 3476 i
1984 3437 2094 3502 pse
2124 3418 2360 3492 volare,
2398 3417 2509 3481 alis
2535 3439 2684 3483 vero

651 3497 986 3566 destitutus
1018 3505 1227 3570 volare
1259 3510 1518 3596 nequit:
1557 3513 1645 3579 sic
1679 3538 1935 3605 quoque
1973 3520 2214 3586 homini
2249 3523 2424 3589 adest
2462 3527 2689 3588 volun-

654 3816 774 3880 εστὶ
796 3867 815 3894 ,
845 3816 1214 3889 facultatem
1245 3849 1392 3893 vero
1421 3853 1549 3897 non
1581 3833 1792 3900 habet.
1834 3836 2062 3905 Volare
2093 3841 2353 3929 quidem
2388 3840 2452 3919 ln
2478 3845 2693 3906 aerem

653 3919 931 3993 divinum
973 3941 1163 4022 atque
1198 3929 1556 4005 libertatem
1591 3938 1863 4032 Spiritus
1906 3946 2110 4013 sancti
2143 3946 2351 4042 cupib
2402 3944 2537 4021 sed.
2570 3943 2696 4036 ῌίξὶ

720 4070 735 4100 ⁸
770 4058 901 4118 Pal.
925 4073 1078 4128 unt,
1104 4062 1152 4117 Ξ.
2250 4051 2260 4070 r
2341 4045 2361 4068 Ἰ
2532 4041 2536 4054 ⁵

580 4605 747 4779 ff
