<?xml version="1.0" encoding="UTF-8"?>
<!DOCTYPE html PUBLIC "-//W3C//DTD XHTML 1.0 Transitional//EN"
    "http://www.w3.org/TR/xhtml1/DTD/xhtml1-transitional.dtd">
<html xmlns="http://www.w3.org/1999/xhtml" xml:lang="en" lang="en">
 <head>
  <title>
</title>
<meta http-equiv="Content-Type" content="text/html;charset=utf-8" />
  <meta name='ocr-system' content='tesseract 3.04.00' />
  <meta name='ocr-capabilities' content='ocr_page ocr_carea ocr_par ocr_line ocrx_word'/>
</head>
<body>
  <div class='ocr_page' id='page_1' title='image "./sanctorummacari00egypgoog_0113.png"; bbox 0 0 2982 4885; ppageno 0'>
   <div class='ocr_carea' id='block_1_1' title="bbox 1099 529 2319 611">
    <p class='ocr_par' dir='ltr' id='par_1_1' title="bbox 1099 529 2319 611">
     <span class='ocr_line' id='line_1_1' title="bbox 1099 529 2319 611; baseline -0.004 -27"><span class='ocrx_word' id='word_1_1' title='bbox 1099 531 1356 585; x_wconf 70' lang='lat' dir='ltr'>uentu</span> <span class='ocrx_word' id='word_1_2' title='bbox 1402 529 1513 585; x_wconf 65' lang='lat' dir='ltr'>xm</span> <span class='ocrx_word' id='word_1_3' title='bbox 2229 533 2319 611; x_wconf 81' lang='lat'>97</span> 
     </span>
    </p>
   </div>
   <div class='ocr_carea' id='block_1_2' title="bbox 288 653 2349 3456">
    <p class='ocr_par' dir='ltr' id='par_1_2' title="bbox 288 653 2335 1482">
     <span class='ocr_line' id='line_1_2' title="bbox 289 653 2324 745; baseline 0.001 -22"><span class='ocrx_word' id='word_1_4' title='bbox 289 665 359 723; x_wconf 83' lang='lat' dir='ltr'>ct</span> <span class='ocrx_word' id='word_1_5' title='bbox 394 666 619 745; x_wconf 75' lang='lat' dir='ltr'>pastor</span> <span class='ocrx_word' id='word_1_6' title='bbox 657 653 858 744; x_wconf 78' lang='lat' dir='ltr'>sigillo</span> <span class='ocrx_word' id='word_1_7' title='bbox 905 653 1234 743; x_wconf 80' lang='lat' dir='ltr'>insignitos</span> <span class='ocrx_word' id='word_1_8' title='bbox 1279 664 1655 743; x_wconf 75' lang='lat' dir='ltr'>cognoscet,</span> <span class='ocrx_word' id='word_1_9' title='bbox 1696 663 1765 719; x_wconf 87' lang='lat' dir='ltr'>et</span> <span class='ocrx_word' id='word_1_10' title='bbox 1797 653 2209 743; x_wconf 68' lang='lat' dir='ltr'>congregabit</span> <span class='ocrx_word' id='word_1_11' title='bbox 2244 678 2324 725; x_wconf 67' lang='lat' dir='ltr'>em</span> 
     </span>
     <span class='ocr_line' id='line_1_3' title="bbox 288 757 2328 849; baseline 0.003 -23"><span class='ocrx_word' id='word_1_12' title='bbox 288 758 586 826; x_wconf 89' lang='lat' dir='ltr'>omnibus</span> <span class='ocrx_word' id='word_1_13' title='bbox 632 759 942 848; x_wconf 87' lang='lat' dir='ltr'>gentibus.</span> <span class='ocrx_word' id='word_1_14' title='bbox 990 757 1234 826; x_wconf 83' lang='lat' dir='ltr'><strong>Vocem</strong></span> <span class='ocrx_word' id='word_1_15' title='bbox 1285 759 1458 825; x_wconf 88' lang='lat' dir='ltr'>enim</span> <span class='ocrx_word' id='word_1_16' title='bbox 1512 757 1650 847; x_wconf 83' lang='lat' dir='ltr'>ejus</span> <span class='ocrx_word' id='word_1_17' title='bbox 1674 757 1982 836; x_wconf 83' lang='lat' dir='ltr'>audiunt,</span> <span class='ocrx_word' id='word_1_18' title='bbox 2029 760 2139 849; x_wconf 80' lang='lat' dir='ltr'>qui</span> <span class='ocrx_word' id='word_1_19' title='bbox 2175 776 2328 832; x_wconf 78' lang='lat' dir='ltr'>mat</span> 
     </span>
     <span class='ocr_line' id='line_1_4' title="bbox 289 863 2328 954; baseline 0.003 -22"><span class='ocrx_word' id='word_1_20' title='bbox 289 865 431 943; x_wconf 83' lang='lat' dir='ltr'>sui,</span> <span class='ocrx_word' id='word_1_21' title='bbox 460 877 527 931; x_wconf 89' lang='lat' dir='ltr'>et</span> <span class='ocrx_word' id='word_1_22' title='bbox 556 876 909 952; x_wconf 86' lang='lat' dir='ltr'>sequuntur</span> <span class='ocrx_word' id='word_1_23' title='bbox 938 886 1105 933; x_wconf 88' lang='lat' dir='ltr'>eum.</span> <span class='ocrx_word' id='word_1_24' title='bbox 1146 864 1221 931; x_wconf 90' lang='lat' dir='ltr'>ln</span> <span class='ocrx_word' id='word_1_25' title='bbox 1251 867 1406 932; x_wconf 86' lang='lat' dir='ltr'>duas</span> <span class='ocrx_word' id='word_1_26' title='bbox 1426 863 1600 931; x_wconf 89' lang='lat' dir='ltr'>enim</span> <span class='ocrx_word' id='word_1_27' title='bbox 1620 875 1832 954; x_wconf 79' lang='lat' dir='ltr'>partes</span> <span class='ocrx_word' id='word_1_28' title='bbox 1861 866 2140 933; x_wconf 82' lang='lat' dir='ltr'>mundus</span> <span class='ocrx_word' id='word_1_29' title='bbox 2164 867 2328 937; x_wconf 76' lang='lat' dir='ltr'>‹liri-</span> 
     </span>
     <span class='ocr_line' id='line_1_5' title="bbox 290 969 2327 1063; baseline 0.001 -26"><span class='ocrx_word' id='word_1_30' title='bbox 290 971 488 1048; x_wconf 85' lang='lat' dir='ltr'>ditur,</span> <span class='ocrx_word' id='word_1_31' title='bbox 524 984 589 1038; x_wconf 91' lang='lat' dir='ltr'>et</span> <span class='ocrx_word' id='word_1_32' title='bbox 617 984 715 1038; x_wconf 81' lang='lat' dir='ltr'>est</span> <span class='ocrx_word' id='word_1_33' title='bbox 744 993 911 1036; x_wconf 84' lang='lat' dir='ltr'>unus</span> <span class='ocrx_word' id='word_1_34' title='bbox 948 993 1100 1060; x_wconf 85' lang='lat' dir='ltr'>grex</span> <span class='ocrx_word' id='word_1_35' title='bbox 1130 972 1541 1047; x_wconf 84' lang='lat' dir='ltr'>tenebrosus,</span> <span class='ocrx_word' id='word_1_36' title='bbox 1573 969 1683 1059; x_wconf 86' lang='lat' dir='ltr'>qui</span> <span class='ocrx_word' id='word_1_37' title='bbox 1715 969 2040 1037; x_wconf 87' lang='lat' dir='ltr'>discedet</span> <span class='ocrx_word' id='word_1_38' title='bbox 2022 993 2085 1037; x_wconf 78' lang='lat' dir='ltr'>in</span> <span class='ocrx_word' id='word_1_39' title='bbox 2116 972 2327 1063; x_wconf 90' lang='lat' dir='ltr'>ignem</span> 
     </span>
     <span class='ocr_line' id='line_1_6' title="bbox 290 1074 2328 1166; baseline 0.002 -26"><span class='ocrx_word' id='word_1_40' title='bbox 290 1074 837 1164; x_wconf 79' lang='lat' dir='ltr'>inextinguibilem</span> <span class='ocrx_word' id='word_1_41' title='bbox 884 1086 948 1142; x_wconf 91' lang='lat' dir='ltr'>et</span> <span class='ocrx_word' id='word_1_42' title='bbox 989 1088 1347 1142; x_wconf 83' lang='lat' dir='ltr'>aeternum.</span> <span class='ocrx_word' id='word_1_43' title='bbox 1392 1078 1550 1141; x_wconf 80' lang='lat' dir='ltr'>alter</span> <span class='ocrx_word' id='word_1_44' title='bbox 1593 1097 1744 1141; x_wconf 82' lang='lat' dir='ltr'>vero</span> <span class='ocrx_word' id='word_1_45' title='bbox 1785 1078 2013 1166; x_wconf 82' lang='lat' dir='ltr'>plenus</span> <span class='ocrx_word' id='word_1_46' title='bbox 2045 1077 2328 1157; x_wconf 84' lang='lat' dir='ltr'>lumine,</span> 
     </span>
     <span class='ocr_line' id='line_1_7' title="bbox 292 1179 2335 1273; baseline 0.003 -30"><span class='ocrx_word' id='word_1_47' title='bbox 292 1202 400 1268; x_wconf 75' lang='lat' dir='ltr'>qui</span> <span class='ocrx_word' id='word_1_48' title='bbox 378 1179 498 1247; x_wconf 74' lang='lat' dir='ltr'>‘ad</span> <span class='ocrx_word' id='word_1_49' title='bbox 521 1179 955 1248; x_wconf 82' lang='lat' dir='ltr'>baercditatem</span> <span class='ocrx_word' id='word_1_50' title='bbox 982 1183 1303 1248; x_wconf 87' lang='lat' dir='ltr'>coelestem</span> <span class='ocrx_word' id='word_1_51' title='bbox 1330 1180 1700 1247; x_wconf 78' lang='lat' dir='ltr'><strong>deducetur.</strong></span> <span class='ocrx_word' id='word_1_52' title='bbox 1727 1181 1930 1247; x_wconf 88' lang='lat' dir='ltr'>Illud</span> <span class='ocrx_word' id='word_1_53' title='bbox 1909 1182 2123 1271; x_wconf 72' lang='lat' dir='ltr'>igitur.</span> <span class='ocrx_word' id='word_1_54' title='bbox 2156 1186 2335 1273; x_wconf 80' lang='lat' dir='ltr'>quod</span> 
     </span>
     <span class='ocr_line' id='line_1_8' title="bbox 291 1285 2333 1377; baseline 0.004 -26"><span class='ocrx_word' id='word_1_55' title='bbox 291 1309 468 1353; x_wconf 90' lang='lat' dir='ltr'>nunc</span> <span class='ocrx_word' id='word_1_56' title='bbox 499 1288 944 1376; x_wconf 84' lang='lat' dir='ltr'>possidemus</span> <span class='ocrx_word' id='word_1_57' title='bbox 924 1309 989 1354; x_wconf 76' lang='lat' dir='ltr'>nn</span> <span class='ocrx_word' id='word_1_58' title='bbox 1020 1287 1284 1365; x_wconf 84' lang='lat' dir='ltr'>animis,</span> <span class='ocrx_word' id='word_1_59' title='bbox 1312 1285 1514 1353; x_wconf 84' lang='lat' dir='ltr'>illud&#39;</span> <span class='ocrx_word' id='word_1_60' title='bbox 1499 1310 1704 1376; x_wconf 77' lang='lat' dir='ltr'>ipsum</span> <span class='ocrx_word' id='word_1_61' title='bbox 1730 1287 2085 1377; x_wconf 68' lang='lat' dir='ltr'>splendebit</span> <span class='ocrx_word' id='word_1_62' title='bbox 2117 1304 2181 1358; x_wconf 87' lang='lat' dir='ltr'>et</span> <span class='ocrx_word' id='word_1_63' title='bbox 2203 1313 2333 1358; x_wconf 79' lang='lat' dir='ltr'>ma·</span> 
     </span>
     <span class='ocr_line' id='line_1_9' title="bbox 295 1390 1768 1482; baseline 0.001 -25"><span class='ocrx_word' id='word_1_64' title='bbox 295 1390 722 1470; x_wconf 85' lang='lat' dir='ltr'>nisestabitur‚</span> <span class='ocrx_word' id='word_1_65' title='bbox 758 1404 823 1459; x_wconf 91' lang='lat' dir='ltr'>et</span> <span class='ocrx_word' id='word_1_66' title='bbox 846 1415 1113 1482; x_wconf 83' lang='lat' dir='ltr'>corpora</span> <span class='ocrx_word' id='word_1_67' title='bbox 1139 1392 1406 1459; x_wconf 84' lang='lat' dir='ltr'>induent</span> <span class='ocrx_word' id='word_1_68' title='bbox 1422 1391 1708 1481; x_wconf 83' lang='lat' dir='ltr'>gloriam.</span> <span class='ocrx_word' id='word_1_69' title='bbox 1763 1453 1768 1458; x_wconf 85' lang='lat'>.</span> 
     </span>
    </p>

    <p class='ocr_par' dir='ltr' id='par_1_3' title="bbox 299 1494 2349 3456">
     <span class='ocr_line' id='line_1_10' title="bbox 383 1494 2339 1584; baseline 0.001 -21"><span class='ocrx_word' id='word_1_70' title='bbox 383 1494 557 1563; x_wconf 89' lang='lat' dir='ltr'><strong>XIV.</strong></span> <span class='ocrx_word' id='word_1_71' title='bbox 609 1496 882 1564; x_wconf 76' lang='lat' dir='ltr'>Perinde</span> <span class='ocrx_word' id='word_1_72' title='bbox 912 1519 985 1561; x_wconf 89' lang='lat' dir='ltr'>ac</span> <span class='ocrx_word' id='word_1_73' title='bbox 1022 1508 1310 1584; x_wconf 85' lang='lat' dir='ltr'>tempore</span> <span class='ocrx_word' id='word_1_74' title='bbox 1351 1496 1585 1562; x_wconf 78' lang='lat' dir='ltr'>mensis</span> <span class='ocrx_word' id='word_1_75' title='bbox 1620 1495 1851 1583; x_wconf 79' lang='lat' dir='ltr'>Aprilis</span> <span class='ocrx_word' id='word_1_76' title='bbox 1887 1497 2130 1563; x_wconf 76' lang='lat' dir='ltr'>radices</span> <span class='ocrx_word' id='word_1_77' title='bbox 2167 1512 2339 1565; x_wconf 72' lang='lat' dir='ltr'>terra</span> 
     </span>
     <span class='ocr_line' id='line_1_11' title="bbox 304 1597 2347 1690; baseline 0.003 -29"><span class='ocrx_word' id='word_1_78' title='bbox 304 1612 623 1686; x_wconf 79' lang='lat' dir='ltr'>coopertae</span> <span class='ocrx_word' id='word_1_79' title='bbox 647 1647 667 1674; x_wconf 87' lang='lat'>‚</span> <span class='ocrx_word' id='word_1_80' title='bbox 703 1621 850 1664; x_wconf 83' lang='lat' dir='ltr'>suos</span> <span class='ocrx_word' id='word_1_81' title='bbox 873 1599 1116 1676; x_wconf 78' lang='lat' dir='ltr'>fructus</span> <span class='ocrx_word' id='word_1_82' title='bbox 1137 1646 1155 1673; x_wconf 89' lang='lat'><strong>,</strong></span> <span class='ocrx_word' id='word_1_83' title='bbox 1181 1620 1454 1685; x_wconf 85' lang='lat' dir='ltr'>suosque</span> <span class='ocrx_word' id='word_1_84' title='bbox 1484 1597 1676 1663; x_wconf 83' lang='lat' dir='ltr'>ssores</span> <span class='ocrx_word' id='word_1_85' title='bbox 1699 1621 1771 1663; x_wconf 87' lang='lat' dir='ltr'>ac</span> <span class='ocrx_word' id='word_1_86' title='bbox 1795 1600 2071 1665; x_wconf 81' lang='lat' dir='ltr'>lautitias</span> <span class='ocrx_word' id='word_1_87' title='bbox 2098 1602 2347 1690; x_wconf 89' lang='lat' dir='ltr'>produ-</span> 
     </span>
     <span class='ocr_line' id='line_1_12' title="bbox 303 1700 2346 1789; baseline 0.003 -22"><span class='ocrx_word' id='word_1_88' title='bbox 303 1714 462 1767; x_wconf 88' lang='lat' dir='ltr'>cunt</span> <span class='ocrx_word' id='word_1_89' title='bbox 480 1749 498 1781; x_wconf 92' lang='lat'>‚</span> <span class='ocrx_word' id='word_1_90' title='bbox 527 1702 935 1789; x_wconf 81' lang='lat' dir='ltr'>fructumque</span> <span class='ocrx_word' id='word_1_91' title='bbox 958 1700 1169 1767; x_wconf 79' lang='lat' dir='ltr'>serunt</span> <span class='ocrx_word' id='word_1_92' title='bbox 1184 1751 1204 1778; x_wconf 87' lang='lat'>‚</span> <span class='ocrx_word' id='word_1_93' title='bbox 1237 1723 1310 1767; x_wconf 89' lang='lat' dir='ltr'>ac</span> <span class='ocrx_word' id='word_1_94' title='bbox 1334 1701 1815 1769; x_wconf 79' lang='lat' dir='ltr'>manifestantur</span> <span class='ocrx_word' id='word_1_95' title='bbox 1835 1702 2147 1772; x_wconf 80' lang='lat' dir='ltr'>soecundae</span> <span class='ocrx_word' id='word_1_96' title='bbox 2170 1708 2346 1774; x_wconf 82' lang='lat' dir='ltr'>radi-</span> 
     </span>
     <span class='ocr_line' id='line_1_13' title="bbox 304 1804 2339 1897; baseline 0.002 -25"><span class='ocrx_word' id='word_1_97' title='bbox 304 1828 445 1883; x_wconf 78' lang='lat' dir='ltr'>ces,</span> <span class='ocrx_word' id='word_1_98' title='bbox 484 1805 575 1872; x_wconf 86' lang='lat' dir='ltr'>uti</span> <span class='ocrx_word' id='word_1_99' title='bbox 605 1818 669 1872; x_wconf 90' lang='lat' dir='ltr'>et</span> <span class='ocrx_word' id='word_1_100' title='bbox 704 1827 845 1894; x_wconf 82' lang='lat' dir='ltr'>quae</span> <span class='ocrx_word' id='word_1_101' title='bbox 887 1805 1095 1896; x_wconf 85' lang='lat' dir='ltr'>spinas</span> <span class='ocrx_word' id='word_1_102' title='bbox 1131 1805 1381 1883; x_wconf 81' lang='lat' dir='ltr'>serunt,</span> <span class='ocrx_word' id='word_1_103' title='bbox 1431 1804 1786 1894; x_wconf 77' lang='lat' dir='ltr'>patefiunt:</span> <span class='ocrx_word' id='word_1_104' title='bbox 1824 1807 1914 1873; x_wconf 85' lang='lat' dir='ltr'>sic</span> <span class='ocrx_word' id='word_1_105' title='bbox 1948 1809 2011 1873; x_wconf 88' lang='lat' dir='ltr'>in</span> <span class='ocrx_word' id='word_1_106' title='bbox 2051 1810 2152 1876; x_wconf 86' lang='lat' dir='ltr'>illa</span> <span class='ocrx_word' id='word_1_107' title='bbox 2192 1811 2339 1897; x_wconf 83' lang='lat' dir='ltr'>die,</span> 
     </span>
     <span class='ocr_line' id='line_1_14' title="bbox 307 1910 2341 2004; baseline 0.002 -26"><span class='ocrx_word' id='word_1_108' title='bbox 307 1912 573 2001; x_wconf 85' lang='lat' dir='ltr'>quilibet</span> <span class='ocrx_word' id='word_1_109' title='bbox 602 1935 718 1978; x_wconf 90' lang='lat' dir='ltr'>suo</span> <span class='ocrx_word' id='word_1_110' title='bbox 749 1934 1014 2001; x_wconf 89' lang='lat' dir='ltr'>corpore</span> <span class='ocrx_word' id='word_1_111' title='bbox 1039 1964 1056 1989; x_wconf 83' lang='lat'>‚</span> <span class='ocrx_word' id='word_1_112' title='bbox 1088 1913 1246 2002; x_wconf 88' lang='lat' dir='ltr'>quid</span> <span class='ocrx_word' id='word_1_113' title='bbox 1267 1910 1506 2002; x_wconf 85' lang='lat' dir='ltr'>egerit,</span> <span class='ocrx_word' id='word_1_114' title='bbox 1541 1912 1881 2001; x_wconf 77' lang='lat' dir='ltr'>patefaciet</span> <span class='ocrx_word' id='word_1_115' title='bbox 1902 1963 1919 1988; x_wconf 89' lang='lat'><em>‚</em></span> <span class='ocrx_word' id='word_1_116' title='bbox 1945 1927 2011 1981; x_wconf 90' lang='lat' dir='ltr'>et</span> <span class='ocrx_word' id='word_1_117' title='bbox 2039 1916 2341 2004; x_wconf 74' lang='lat' dir='ltr'>manifes-</span> 
     </span>
     <span class='ocr_line' id='line_1_15' title="bbox 300 2015 2340 2110; baseline 0.002 -27"><span class='ocrx_word' id='word_1_118' title='bbox 300 2019 608 2084; x_wconf 86' lang='lat' dir='ltr'>tabuntur</span> <span class='ocrx_word' id='word_1_119' title='bbox 633 2021 801 2084; x_wconf 83' lang='lat' dir='ltr'>mala</span> <span class='ocrx_word' id='word_1_120' title='bbox 823 2027 886 2084; x_wconf 88' lang='lat' dir='ltr'>et</span> <span class='ocrx_word' id='word_1_121' title='bbox 917 2017 1103 2085; x_wconf 89' lang='lat' dir='ltr'>bona.</span> <span class='ocrx_word' id='word_1_122' title='bbox 1139 2018 1273 2084; x_wconf 90' lang='lat' dir='ltr'>lllic</span> <span class='ocrx_word' id='word_1_123' title='bbox 1291 2018 1460 2082; x_wconf 88' lang='lat' dir='ltr'>enim</span> <span class='ocrx_word' id='word_1_124' title='bbox 1478 2017 1601 2083; x_wconf 88' lang='lat' dir='ltr'>erit</span> <span class='ocrx_word' id='word_1_125' title='bbox 1617 2017 1967 2083; x_wconf 80' lang='lat' dir='ltr'>universale</span> <span class='ocrx_word' id='word_1_126' title='bbox 1982 2015 2295 2110; x_wconf 84' lang='lat' dir='ltr'>judicium</span> <span class='ocrx_word' id='word_1_127' title='bbox 2315 2072 2340 2098; x_wconf 86' lang='grc'>,,</span> 
     </span>
     <span class='ocr_line' id='line_1_16' title="bbox 299 2122 2345 2212; baseline 0.002 -23"><span class='ocrx_word' id='word_1_128' title='bbox 299 2135 365 2189; x_wconf 88' lang='lat' dir='ltr'>et</span> <span class='ocrx_word' id='word_1_129' title='bbox 401 2123 748 2191; x_wconf 86' lang='lat' dir='ltr'>retributio.</span> <span class='ocrx_word' id='word_1_130' title='bbox 794 2123 906 2190; x_wconf 85' lang='lat' dir='ltr'>Est</span> <span class='ocrx_word' id='word_1_131' title='bbox 931 2124 1102 2190; x_wconf 87' lang='lat' dir='ltr'>enim</span> <span class='ocrx_word' id='word_1_132' title='bbox 1140 2126 1297 2189; x_wconf 87' lang='lat' dir='ltr'>alius</span> <span class='ocrx_word' id='word_1_133' title='bbox 1321 2122 1503 2189; x_wconf 87' lang='lat' dir='ltr'>cibus</span> <span class='ocrx_word' id='word_1_134' title='bbox 1533 2136 1762 2212; x_wconf 82' lang='lat' dir='ltr'>praeter</span> <span class='ocrx_word' id='word_1_135' title='bbox 1794 2146 1945 2188; x_wconf 88' lang='lat' dir='ltr'>eum</span> <span class='ocrx_word' id='word_1_136' title='bbox 1971 2173 1988 2198; x_wconf 86' lang='lat'>.</span> <span class='ocrx_word' id='word_1_137' title='bbox 2027 2125 2136 2212; x_wconf 88' lang='lat' dir='ltr'>qui</span> <span class='ocrx_word' id='word_1_138' title='bbox 2175 2126 2345 2194; x_wconf 84' lang='lat' dir='ltr'>vide—</span> 
     </span>
     <span class='ocr_line' id='line_1_17' title="bbox 306 2231 2343 2324; baseline 0.002 -30"><span class='ocrx_word' id='word_1_139' title='bbox 306 2242 427 2297; x_wconf 90' lang='lat' dir='ltr'>tur.</span> <span class='ocrx_word' id='word_1_140' title='bbox 480 2231 681 2300; x_wconf 84' lang='lat' dir='ltr'>Moses</span> <span class='ocrx_word' id='word_1_141' title='bbox 721 2231 931 2307; x_wconf 86' lang='lat' dir='ltr'>enim,</span> <span class='ocrx_word' id='word_1_142' title='bbox 978 2253 1127 2297; x_wconf 90' lang='lat' dir='ltr'>cum</span> <span class='ocrx_word' id='word_1_143' title='bbox 1160 2231 1532 2298; x_wconf 84' lang='lat' dir='ltr'>ascenderet</span> <span class='ocrx_word' id='word_1_144' title='bbox 1571 2241 1853 2293; x_wconf 86' lang='lat' dir='ltr'>montem</span> <span class='ocrx_word' id='word_1_145' title='bbox 1877 2279 1893 2302; x_wconf 88' lang='lat'>.</span> <span class='ocrx_word' id='word_1_146' title='bbox 1929 2232 2343 2324; x_wconf 77' lang='lat' dir='ltr'>quadraginta</span> 
     </span>
     <span class='ocr_line' id='line_1_18' title="bbox 304 2333 2337 2423; baseline 0.001 -21"><span class='ocrx_word' id='word_1_147' title='bbox 304 2337 437 2402; x_wconf 87' lang='lat' dir='ltr'>dies</span> <span class='ocrx_word' id='word_1_148' title='bbox 476 2337 801 2423; x_wconf 75' lang='lat' dir='ltr'>jejunavit.</span> <span class='ocrx_word' id='word_1_149' title='bbox 843 2335 1146 2402; x_wconf 85' lang='lat' dir='ltr'>Ascendit</span> <span class='ocrx_word' id='word_1_150' title='bbox 1174 2336 1405 2408; x_wconf 86' lang='lat' dir='ltr'>homo,</span> <span class='ocrx_word' id='word_1_151' title='bbox 1451 2335 1776 2399; x_wconf 86' lang='lat' dir='ltr'>descendit</span> <span class='ocrx_word' id='word_1_152' title='bbox 1818 2333 2058 2400; x_wconf 82' lang='lat' dir='ltr'>habens</span> <span class='ocrx_word' id='word_1_153' title='bbox 2102 2336 2337 2406; x_wconf 82' lang='lat' dir='ltr'>Deum.</span> 
     </span>
     <span class='ocr_line' id='line_1_19' title="bbox 304 2437 2346 2523; baseline -0 -14"><span class='ocrx_word' id='word_1_154' title='bbox 304 2444 388 2510; x_wconf 86' lang='lat' dir='ltr'>Et</span> <span class='ocrx_word' id='word_1_155' title='bbox 442 2463 597 2506; x_wconf 88' lang='lat' dir='ltr'>ecce</span> <span class='ocrx_word' id='word_1_156' title='bbox 650 2439 941 2505; x_wconf 82' lang='lat' dir='ltr'>videmus</span> <span class='ocrx_word' id='word_1_157' title='bbox 993 2438 1058 2503; x_wconf 89' lang='lat' dir='ltr'>in</span> <span class='ocrx_word' id='word_1_158' title='bbox 1103 2437 1286 2502; x_wconf 82' lang='lat' dir='ltr'>nobis</span> <span class='ocrx_word' id='word_1_159' title='bbox 1342 2437 1516 2521; x_wconf 88' lang='lat' dir='ltr'>quod</span> <span class='ocrx_word' id='word_1_160' title='bbox 1570 2459 2035 2523; x_wconf 84' lang='lat' dir='ltr'>perpaucorum</span> <span class='ocrx_word' id='word_1_161' title='bbox 2095 2439 2346 2508; x_wconf 85' lang='lat' dir='ltr'>dierum</span> 
     </span>
     <span class='ocr_line' id='line_1_20' title="bbox 310 2538 2349 2643; baseline -0.002 -30"><span class='ocrx_word' id='word_1_162' title='bbox 310 2546 559 2636; x_wconf 83' lang='lat' dir='ltr'>spatio,</span> <span class='ocrx_word' id='word_1_163' title='bbox 584 2543 704 2610; x_wconf 88' lang='lat' dir='ltr'>nisi</span> <span class='ocrx_word' id='word_1_164' title='bbox 735 2565 1002 2631; x_wconf 88' lang='lat' dir='ltr'>corpora</span> <span class='ocrx_word' id='word_1_165' title='bbox 1033 2539 1476 2607; x_wconf 78' lang='lat' dir='ltr'>suffulciantur</span> <span class='ocrx_word' id='word_1_166' title='bbox 1509 2538 1667 2605; x_wconf 84' lang='lat' dir='ltr'>cibis</span> <span class='ocrx_word' id='word_1_167' title='bbox 1688 2587 1706 2614; x_wconf 84' lang='lat'>‚</span> <span class='ocrx_word' id='word_1_168' title='bbox 1741 2538 1873 2628; x_wconf 83' lang='lat' dir='ltr'>ipsa</span> <span class='ocrx_word' id='word_1_169' title='bbox 1897 2556 2178 2629; x_wconf 45' lang='lat' dir='ltr'>pereant.</span> <span class='ocrx_word' id='word_1_170' title='bbox 2205 2545 2349 2643; x_wconf 83' lang='lat' dir='ltr'>lpse</span> 
     </span>
     <span class='ocr_line' id='line_1_21' title="bbox 309 2645 2346 2738; baseline -0 -20"><span class='ocrx_word' id='word_1_171' title='bbox 309 2675 461 2718; x_wconf 78' lang='lat' dir='ltr'>vero</span> <span class='ocrx_word' id='word_1_172' title='bbox 495 2648 908 2738; x_wconf 84' lang='lat' dir='ltr'>quadraginta</span> <span class='ocrx_word' id='word_1_173' title='bbox 924 2649 1057 2713; x_wconf 90' lang='lat' dir='ltr'>dies</span> <span class='ocrx_word' id='word_1_174' title='bbox 1079 2669 1227 2714; x_wconf 90' lang='lat' dir='ltr'>cum</span> <span class='ocrx_word' id='word_1_175' title='bbox 1249 2646 1507 2734; x_wconf 84' lang='lat' dir='ltr'>jejunus</span> <span class='ocrx_word' id='word_1_176' title='bbox 1530 2645 1779 2720; x_wconf 79' lang='lat' dir='ltr'>suisset,</span> <span class='ocrx_word' id='word_1_177' title='bbox 1806 2645 2028 2712; x_wconf 76' lang='lat' dir='ltr'>fortior</span> <span class='ocrx_word' id='word_1_178' title='bbox 2049 2649 2346 2717; x_wconf 68' lang='lat' dir='ltr'>omnibus</span> 
     </span>
     <span class='ocr_line' id='line_1_22' title="bbox 313 2749 2345 2840; baseline 0.001 -21"><span class='ocrx_word' id='word_1_179' title='bbox 313 2755 659 2821; x_wconf 88' lang='lat' dir='ltr'>descendit.</span> <span class='ocrx_word' id='word_1_180' title='bbox 699 2753 1005 2820; x_wconf 86' lang='lat' dir='ltr'>Alebatur</span> <span class='ocrx_word' id='word_1_181' title='bbox 1033 2752 1202 2819; x_wconf 91' lang='lat' dir='ltr'>enim</span> <span class='ocrx_word' id='word_1_182' title='bbox 1230 2775 1263 2816; x_wconf 87' lang='lat' dir='ltr'>a</span> <span class='ocrx_word' id='word_1_183' title='bbox 1285 2751 1459 2826; x_wconf 88' lang='lat' dir='ltr'>Deo,</span> <span class='ocrx_word' id='word_1_184' title='bbox 1493 2761 1558 2816; x_wconf 87' lang='lat' dir='ltr'>et</span> <span class='ocrx_word' id='word_1_185' title='bbox 1590 2771 1821 2840; x_wconf 88' lang='lat' dir='ltr'>corpus</span> <span class='ocrx_word' id='word_1_186' title='bbox 1851 2749 1990 2838; x_wconf 87' lang='lat' dir='ltr'>ejus</span> <span class='ocrx_word' id='word_1_187' title='bbox 2028 2764 2345 2821; x_wconf 74' lang='lat' dir='ltr'>sustenta-</span> 
     </span>
     <span class='ocr_line' id='line_1_23' title="bbox 312 2833 2345 2937; baseline 0 -11"><span class='ocrx_word' id='word_1_188' title='bbox 312 2833 502 2926; x_wconf 89' lang='lat' dir='ltr'>batur</span> <span class='ocrx_word' id='word_1_189' title='bbox 536 2859 657 2925; x_wconf 88' lang='lat' dir='ltr'>alio</span> <span class='ocrx_word' id='word_1_190' title='bbox 687 2859 833 2925; x_wconf 88' lang='lat' dir='ltr'>cibo</span> <span class='ocrx_word' id='word_1_191' title='bbox 863 2857 1122 2925; x_wconf 90' lang='lat' dir='ltr'>coelesti.</span> <span class='ocrx_word' id='word_1_192' title='bbox 1163 2856 1385 2924; x_wconf 87' lang='lat' dir='ltr'>Sermo</span> <span class='ocrx_word' id='word_1_193' title='bbox 1417 2856 1590 2923; x_wconf 90' lang='lat' dir='ltr'>enim</span> <span class='ocrx_word' id='word_1_194' title='bbox 1620 2855 1736 2922; x_wconf 91' lang='lat' dir='ltr'>Dei</span> <span class='ocrx_word' id='word_1_195' title='bbox 1769 2856 1951 2922; x_wconf 90' lang='lat' dir='ltr'>cibus</span> <span class='ocrx_word' id='word_1_196' title='bbox 1981 2856 2039 2922; x_wconf 92' lang='lat' dir='ltr'>ei</span> <span class='ocrx_word' id='word_1_197' title='bbox 2071 2871 2242 2937; x_wconf 76' lang='lat' dir='ltr'>erat,</span> <span class='ocrx_word' id='word_1_198' title='bbox 2278 2874 2345 2927; x_wconf 90' lang='lat' dir='ltr'>et</span> 
     </span>
     <span class='ocr_line' id='line_1_24' title="bbox 306 2959 2337 3055; baseline 0 -23"><span class='ocrx_word' id='word_1_199' title='bbox 306 2966 593 3032; x_wconf 85' lang='lat' dir='ltr'>babebat</span> <span class='ocrx_word' id='word_1_200' title='bbox 637 2963 951 3055; x_wconf 82' lang='lat' dir='ltr'>gloriam</span> <span class='ocrx_word' id='word_1_201' title='bbox 934 2986 997 3028; x_wconf 89' lang='lat' dir='ltr'>m</span> <span class='ocrx_word' id='word_1_202' title='bbox 1028 2961 1208 3029; x_wconf 79' lang='lat' dir='ltr'>facie.</span> <span class='ocrx_word' id='word_1_203' title='bbox 1258 2962 1467 3030; x_wconf 91' lang='lat' dir='ltr'>Omne</span> <span class='ocrx_word' id='word_1_204' title='bbox 1498 2963 1675 3050; x_wconf 86' lang='lat' dir='ltr'>qnod</span> <span class='ocrx_word' id='word_1_205' title='bbox 1702 2959 1929 3039; x_wconf 82' lang='lat' dir='ltr'>fiebat,</span> <span class='ocrx_word' id='word_1_206' title='bbox 1980 2973 2168 3053; x_wconf 76' lang='lat' dir='ltr'>t5pns</span> <span class='ocrx_word' id='word_1_207' title='bbox 2198 2978 2337 3035; x_wconf 77' lang='lat' dir='ltr'>erat</span> 
     </span>
     <span class='ocr_line' id='line_1_25' title="bbox 307 3046 2335 3171; baseline -0.001 -34"><span class='ocrx_word' id='word_1_208' title='bbox 307 3071 566 3137; x_wconf 80' lang='lat' dir='ltr'>alterius</span> <span class='ocrx_word' id='word_1_209' title='bbox 597 3069 708 3137; x_wconf 91' lang='lat' dir='ltr'>rei.</span> <span class='ocrx_word' id='word_1_210' title='bbox 741 3070 853 3137; x_wconf 83' lang='lat' dir='ltr'>lna</span> <span class='ocrx_word' id='word_1_211' title='bbox 885 3067 1056 3138; x_wconf 90' lang='lat' dir='ltr'>enim</span> <span class='ocrx_word' id='word_1_212' title='bbox 1085 3066 1281 3157; x_wconf 87' lang='lat' dir='ltr'>gloria</span> <span class='ocrx_word' id='word_1_213' title='bbox 1306 3089 1475 3133; x_wconf 90' lang='lat' dir='ltr'>nunc</span> <span class='ocrx_word' id='word_1_214' title='bbox 1501 3066 1670 3132; x_wconf 84' lang='lat' dir='ltr'>intus</span> <span class='ocrx_word' id='word_1_215' title='bbox 1693 3066 1758 3131; x_wconf 90' lang='lat' dir='ltr'>in</span> <span class='ocrx_word' id='word_1_216' title='bbox 1786 3067 2086 3134; x_wconf 84' lang='lat' dir='ltr'>cordibus</span> <span class='ocrx_word' id='word_1_217' title='bbox 2116 3046 2335 3171; x_wconf 72' lang='lat' dir='ltr'>Chris-</span> 
     </span>
     <span class='ocr_line' id='line_1_26' title="bbox 304 3162 2338 3266; baseline 0.001 -22"><span class='ocrx_word' id='word_1_218' title='bbox 304 3178 625 3244; x_wconf 82' lang='lat' dir='ltr'>tianorum</span> <span class='ocrx_word' id='word_1_219' title='bbox 667 3176 884 3266; x_wconf 78' lang='lat' dir='ltr'>fulget.</span> <span class='ocrx_word' id='word_1_220' title='bbox 928 3162 1347 3265; x_wconf 83' lang='lat' dir='ltr'>Resurgentia</span> <span class='ocrx_word' id='word_1_221' title='bbox 1387 3174 1558 3241; x_wconf 90' lang='lat' dir='ltr'>enim</span> <span class='ocrx_word' id='word_1_222' title='bbox 1596 3164 1864 3266; x_wconf 82' lang='lat' dir='ltr'>corpora</span> <span class='ocrx_word' id='word_1_223' title='bbox 1907 3174 1971 3243; x_wconf 87' lang='lat' dir='ltr'>in</span> <span class='ocrx_word' id='word_1_224' title='bbox 2011 3201 2338 3246; x_wconf 86' lang='lat' dir='ltr'>resurroc</span> 
     </span>
     <span class='ocr_line' id='line_1_27' title="bbox 308 3279 2337 3382; baseline 0.002 -34"><span class='ocrx_word' id='word_1_225' title='bbox 308 3282 517 3360; x_wconf 86' lang='lat' dir='ltr'>tione,</span> <span class='ocrx_word' id='word_1_226' title='bbox 559 3281 681 3349; x_wconf 90' lang='lat' dir='ltr'>alio</span> <span class='ocrx_word' id='word_1_227' title='bbox 712 3282 1088 3349; x_wconf 83' lang='lat' dir='ltr'>vestimento</span> <span class='ocrx_word' id='word_1_228' title='bbox 1119 3279 1331 3351; x_wconf 85' lang='lat' dir='ltr'>divino</span> <span class='ocrx_word' id='word_1_229' title='bbox 1372 3279 1765 3382; x_wconf 77' lang='lat' dir='ltr'>operientur,</span> <span class='ocrx_word' id='word_1_230' title='bbox 1804 3302 1877 3348; x_wconf 78' lang='lat' dir='ltr'>ae</span> <span class='ocrx_word' id='word_1_231' title='bbox 1913 3280 2060 3348; x_wconf 88' lang='lat' dir='ltr'>cibo</span> <span class='ocrx_word' id='word_1_232' title='bbox 2097 3286 2337 3351; x_wconf 74' lang='lat' dir='ltr'>coelesti</span> 
     </span>
     <span class='ocr_line' id='line_1_28' title="bbox 304 3387 689 3456; baseline 0.005 -3"><span class='ocrx_word' id='word_1_233' title='bbox 304 3387 689 3456; x_wconf 78' lang='lat' dir='ltr'>nutrientur.</span> 
     </span>
    </p>
   </div>
   <div class='ocr_carea' id='block_1_3' title="bbox 402 3578 2360 3861">
    <p class='ocr_par' dir='ltr' id='par_1_4' title="bbox 402 3578 2360 3861">
     <span class='ocr_line' id='line_1_29' title="bbox 1072 3578 1622 3636; baseline -0.005 0"><span class='ocrx_word' id='word_1_234' title='bbox 1072 3578 1622 3636; x_wconf 60' lang='lat' dir='ltr'>imitationum.</span> 
     </span>
     <span class='ocr_line' id='line_1_30' title="bbox 402 3741 2360 3861; baseline -0.006 -14"><span class='ocrx_word' id='word_1_235' title='bbox 402 3779 541 3847; x_wconf 83' lang='lat' dir='ltr'>XV.</span> <span class='ocrx_word' id='word_1_236' title='bbox 568 3780 849 3861; x_wconf 61' lang='lat' dir='ltr'>Quidue</span> <span class='ocrx_word' id='word_1_237' title='bbox 864 3778 1035 3848; x_wconf 72' lang='lat' dir='ltr'>illud</span> <span class='ocrx_word' id='word_1_238' title='bbox 1048 3803 1069 3843; x_wconf 93' lang='lat'>.·</span> <span class='ocrx_word' id='word_1_239' title='bbox 1090 3804 1115 3838; x_wconf 73' lang='grc' dir='ltr'><em>α</em></span> <span class='ocrx_word' id='word_1_240' title='bbox 1131 3773 1418 3847; x_wconf 80' lang='lat' dir='ltr'>Foemina</span> <span class='ocrx_word' id='word_1_241' title='bbox 1435 3790 1565 3839; x_wconf 88' lang='lat' dir='ltr'>non</span> <span class='ocrx_word' id='word_1_242' title='bbox 1575 3741 1786 3837; x_wconf 79' lang='lat' dir='ltr'>velato</span> <span class='ocrx_word' id='word_1_243' title='bbox 1801 3767 2005 3859; x_wconf 82' lang='lat' dir='ltr'>capite</span> <span class='ocrx_word' id='word_1_244' title='bbox 2019 3788 2206 3839; x_wconf 77' lang='lat' dir='ltr'>orans</span> <span class='ocrx_word' id='word_1_245' title='bbox 2219 3770 2238 3807; x_wconf 84' lang='lat'>¹</span> <span class='ocrx_word' id='word_1_246' title='bbox 2265 3772 2297 3837; x_wconf 69' lang='lat' dir='ltr'><em>P</em></span> <span class='ocrx_word' id='word_1_247' title='bbox 2309 3803 2336 3835; x_wconf 69' lang='grc' dir='ltr'><strong><em>ι</em></strong></span> <span class='ocrx_word' id='word_1_248' title='bbox 2355 3810 2360 3815; x_wconf 36' lang='lat'>⁴</span> 
     </span>
    </p>
   </div>
   <div class='ocr_carea' id='block_1_4' title="bbox 377 3994 775 4048">
    <p class='ocr_par' dir='ltr' id='par_1_5' title="bbox 377 3994 775 4048">
     <span class='ocr_line' id='line_1_31' title="bbox 377 3994 775 4048; baseline -0.01 0"><span class='ocrx_word' id='word_1_249' title='bbox 377 4009 402 4039; x_wconf 74' lang='lat'>⁸</span> <span class='ocrx_word' id='word_1_250' title='bbox 436 4014 451 4048; x_wconf 82' lang='grc' dir='ltr'><strong><em>ι</em></strong></span> <span class='ocrx_word' id='word_1_251' title='bbox 486 3997 606 4045; x_wconf 82' lang='lat' dir='ltr'>Cor.</span> <span class='ocrx_word' id='word_1_252' title='bbox 634 4010 704 4046; x_wconf 70' lang='grc' dir='ltr'>υ,</span> <span class='ocrx_word' id='word_1_253' title='bbox 732 3994 775 4039; x_wconf 78' lang='grc'>5.</span> 
     </span>
    </p>
   </div>
   <div class='ocr_carea' id='block_1_5' title="bbox 536 4135 2152 4212">
    <p class='ocr_par' dir='ltr' id='par_1_6' title="bbox 536 4135 2152 4212">
     <span class='ocr_line' id='line_1_32' title="bbox 536 4135 2152 4212; baseline -0.015 -22"><span class='ocrx_word' id='word_1_254' title='bbox 536 4139 753 4190; x_wconf 69' lang='grc' dir='ltr'><strong>ΧΙΝΠΙ.</strong></span> <span class='ocrx_word' id='word_1_255' title='bbox 2108 4135 2152 4212; x_wconf 64' lang='lat'><em>2</em></span> 
     </span>
    </p>
   </div>
  </div>
 </body>
</html>
