2982 4885
1037 546 1042 551 -
1102 522 1361 573 nomia&
1406 520 1573 571 XXIX.
2225 519 2346 572 221

310 744 405 768 ,Ἀ
412 741 592 764 mm
599 741 746 764 Qnu
753 739 961 763 §mm
968 739 1431 761 mmmssssm
1444 742 1526 767 Μ
1537 734 2354 759 ΜἪΜΟἋΟἏΜἏΊἫ

972 915 1217 986 ΗΟΜῙ
1228 914 1380 984 LIA
1435 910 1699 982 XXIX.

323 1118 610 1216 Duplici
679 1119 957 1189 ratione
1013 1115 1631 1215 despera-radonem
1689 1116 1950 1210 gmtiae
2001 1117 2078 1182 in
2127 1136 2358 1208 genus

415 1233 806 1304 humanum
839 1246 1125 1303 exercet
1146 1235 1371 1317 Deus,
1382 1224 1675 1324 fluctus
1705 1225 1859 1324 ejus
1862 1224 2066 1324 justo
2075 1224 2359 1323 judicio

361 1435 378 1442 ‚
417 1354 666 1419 iterum
700 1349 1143 1448 repetimrus.

408 1577 455 1643 1.
489 1576 839 1643 Sarma-ru
867 1575 1013 1653 Dei,
1045 1596 1195 1643 cnm
1220 1575 1302 1643 sit
1325 1573 1572 1642 infinita
1593 1588 1659 1643 et
1680 1574 2359 1666 incomprehensibilis,

320 1680 946 1772 incomprehensibili
968 1694 1034 1748 et
1059 1681 1622 1773 impervestigabili
1640 1681 1835 1748 modo
1867 1682 2365 1771 dispensationes

323 1790 534 1877 gratim
563 1808 710 1875 erga
742 1806 939 1875 genus
969 1785 1324 1852 humanum
1356 1786 1523 1852 varie
1546 1798 1824 1861 exercet,
1862 1786 1941 1852 ad
1968 1786 2237 1853 liberam
2261 1808 2368 1853 ar-

320 1891 492 1958 bitrii
549 1891 942 1956 voluntatem
997 1889 1436 1979 probandam,
1476 1900 1550 1954 ut
1589 1888 2097 1967 manifestentur,
2133 1888 2243 1978 qui
2288 1912 2367 1956 ex

323 2007 454 2061 toto
500 1994 696 2061 corde
727 1994 934 2061 Deum
977 1993 1274 2084 diligunt,
1313 2006 1503 2083 atque
1532 2016 1723 2061 omne
1760 1994 2119 2083 periculum
2159 2016 2233 2060 ac
2270 1994 2368 2062 la-

322 2100 544 2167 borem
608 2097 750 2187 ejus
801 2122 990 2167 causa
1052 2100 1386 2168 sustinent.
1442 2100 1624 2180 Quos
1678 2097 1851 2167 enim
1909 2106 2369 2190 praeoccupant

325 2203 728 2280 charismata,
771 2226 843 2270 ac
867 2204 1140 2294 Spiritus
1165 2205 1368 2270 sancti
1406 2203 1605 2281 dona,
1641 2203 1710 2271 hi
1747 2205 2229 2295 quamprimum
2270 2228 2369 2273 ac-

325 2316 650 2372 cesserunt
678 2327 829 2385 cum
858 2304 989 2371 fide
1018 2320 1082 2372 et
1114 2307 1568 2395 postulatione,
1596 2307 1835 2395 absque
1866 2310 2110 2386 labore,
2136 2309 2368 2376 sudore

327 2422 391 2476 ct
429 2406 790 2498 fatigatione
831 2407 1152 2475 interdum
1183 2410 1250 2476 in
1287 2411 1530 2474 mundo
1578 2411 1836 2497 degunt.
1876 2412 2143 2504 Insuper
2175 2412 2367 2501 largi-

332 2529 435 2583 tur
486 2511 751 2604 gratiam
787 2512 960 2579 illam
1003 2512 1175 2580 Deus
1221 2536 1352 2579 non
1404 2513 1630 2592 otiose,
1677 2534 1808 2580 non
1859 2512 2124 2592 flustra,
2159 2538 2369 2605 neque

327 2620 626 2695 fortuitog
684 2619 796 2686 sed
850 2638 1077 2685 arcana
1129 2619 1408 2708 quadam
1461 2632 1528 2687 et
1580 2619 2208 2709 incomprehensibili
2269 2644 2373 2688 sa-

328 2726 568 2817 pientia
597 2727 675 2793 ad
701 2724 1094 2816 probandam
1130 2722 1547 2791 intentionem
1580 2746 1656 2791 ac
1695 2724 1962 2791 liberam
1994 2713 2234 2793 arbitrii
2268 2750 2371 2795 vo-

331 2836 505 2901 lunta
517 2843 641 2897 tem
666 2852 914 2905 eorum,
934 2828 1041 2917 qui
1067 2829 1277 2896 statim
1292 2828 1569 2898 divinam
1579 2828 1846 2918 gratiam
1864 2844 2356 2918 consequuntur.

334 2960 411 3005 an
444 2935 842 3027 perceperint
873 2932 1284 3013 beneficium,
1312 2947 1377 3001 et
1401 2934 1521 3000 sibi
1546 2936 1887 3023 praestitam
1914 2936 2372 3028 benignitatem

333 3066 405 3110 ae
460 3041 864 3109 dulcedinem
914 3038 1058 3115 Dei,
1106 3038 1282 3129 juxta
1334 3040 1814 3129 proportionem
1869 3043 2085 3130 gratiae
2136 3044 2373 3133 absque

331 3148 602 3238 propriis
647 3145 972 3213 laboribus
1017 3146 1276 3223 oblatae3
1307 3169 1433 3236 qua
1473 3145 1648 3235 digni
1686 3145 1922 3224 habiti,
1964 3148 2201 3216 debent
2244 3162 2372 3216 stu·

337 3255 537 3329 dium,
573 3274 859 3328 cursum,
884 3263 1183 3318 conatum
1208 3274 1280 3318 ac
1306 3252 1588 3317 fructum
1609 3251 1966 3318 dilectionis
1993 3276 2024 3319 a
2050 3256 2374 3319 voluntate

335 3372 398 3423 ct
442 3356 763 3446 proposito
817 3356 1208 3445 perfectum,
1253 3359 1725 3432 demonstrare,
1770 3378 1844 3421 ac
1890 3356 2376 3422 retributionem

338 3462 790 3527 charismatum
837 3462 1212 3549 rependere,
1247 3459 1370 3525 hoc
1415 3472 1545 3533 cst,
1580 3483 1647 3524 se
1687 3470 1854 3525 totos
1893 3458 2213 3524 dilectioni
2243 3462 2339 3526 Do
2365 3497 2379 3510 ·

339 3567 494 3629 mini
520 3567 802 3632 addictos
843 3566 1111 3638 dedere,
1147 3561 1340 3650 ipsius
1378 3563 1770 3626 voluntatem
1808 3564 2010 3627 solam
2043 3583 2374 3652 peragere,

346 3681 409 3731 et
441 3669 518 3730 ab
555 3672 726 3734 omni
758 3670 995 3736 carnali
1044 3665 1560 3758 concupiscentia
1599 3667 1849 3753 penitus
1874 3668 2191 3731 recedere.

437 3770 516 3835 11.
557 3770 807 3850 Quibus
848 3796 998 3837 vero
1021 3822 1038 3849 ,
1075 3773 1359 3861 quamvis
1392 3768 1767 3838 secesserint
1804 3793 1837 3834 a
1878 3770 2152 3845 mundo,
2194 3786 2257 3838 et
2288 3795 2381 3839 rc-

347 3874 702 3943 nuntiarint
748 3875 898 3939 huic
932 3880 1159 3943 saeculo
1202 3879 1557 3943 secundum
1586 3875 2022 3964 Evangelium,
2060 3887 2246 3963 atque
2291 3900 2383 3944 as-
2422 3947 2427 3954 ,

349 3984 531 4052 sidue
554 3980 621 4047 iu
639 3978 1117 4049 continuatione
1137 4004 1427 4071 precum,
1456 3981 1708 4072 jejunii,
1728 3981 2089 4076 diligentiae,
2122 3983 2389 4072 reliqua-
