2982 4885
648 486 781 556 586
1446 502 1900 549 s.1³un.ss·1·a11

648 626 822 714 quod
851 621 1083 696 leonis,
1123 620 1337 695 vituli,
1384 618 1662 684 bominis
1697 627 1762 679 et
1803 615 2061 701 aquilae,
2102 636 2380 716 quorum
2426 618 2691 689 diversa

649 729 949 796 doctrinae
980 748 1053 791 ac
1073 724 1295 791 merita
1320 722 1623 810 fulgentia
1646 719 2137 807 praecurrebant.
2167 720 2498 787 Primum
2478 748 2544 789 m
2567 727 2691 792 Pa..

643 830 936 898 triarchis
975 830 1199 917 regalis
1243 826 1615 897 auctoritas,
1660 823 1724 888 in
1772 822 2103 913 Prophetis
2141 824 2374 891 deinde
2408 828 2684 895 scientiae

646 938 919 1013 coelestis
960 933 1369 1007 foecunditas,
1395 932 1479 1021 ‘in
1529 929 1979 995 Sacerdotibus
2011 929 2194 1007 labor
2215 930 2424 1009 fortis,
2450 945 2514 997 et
2542 957 2683 1022 per·

643 1042 819 1109 tinax
865 1039 1255 1105 concertatio
1305 1047 1703 1107 cerneretur,
1747 1032 1811 1097 iu
1846 1032 2165 1121 Apostolis
2204 1038 2449 1100 volatus
2486 1039 2681 1102 subli-

642 1147 765 1213 mis
799 1146 863 1209 in
904 1146 1174 1217 coelum,
1215 1154 1280 1206 et
1308 1139 1595 1205 eminens
1632 1137 1897 1225 dignitas
1934 1149 2417 1225 monstraretur.
2475 1143 2671 1227 thue

640 1252 992 1318 formarum
1044 1261 1189 1313 ante
1235 1246 1562 1312 diversitas
1608 1244 1975 1317 nuntiabat,
2022 1244 2408 1311 diversarum
2446 1247 2671 1335 quippe

642 1356 954 1422 virtutum
996 1352 1273 1418 coelestia
1317 1350 1540 1415 merita
1581 1349 1644 1413 in
1679 1347 1911 1414 Christi
1946 1349 2277 1437 praesentia
2320 1350 2667 1414 manifesta-

646 1472 870 1526 rentur
902 1457 962 1522 in
1000 1458 1264 1528 saeculo,
1299 1454 1378 1518 ab
1408 1476 1485 1517 eo
1525 1453 1758 1541 quippe
1792 1474 2093 1524 concessa
2136 1454 2414 1519 Domino
2460 1452 2667 1523 Salva-

645 1576 820 1638 tore3
866 1586 1013 1627 nam
1060 1561 1124 1625 in
1171 1562 1354 1625 leone
1401 1581 1667 1646 regumn
1705 1556 2124 1632 fortitudinis,
2169 1559 2231 1621 iu
2274 1559 2465 1623 vitulo
2498 1560 2672 1622 labor

644 1668 1037 1743 exuberans,
1069 1665 1132 1730 in
1163 1663 1421 1729 homine
1446 1663 1650 1753 passio
1682 1662 2070 1737 indesinens,
2108 1664 2170 1727 in
2205 1665 2408 1751 aquila
2438 1666 2671 1729 volatus

648 1772 934 1838 sublimis
958 1768 1343 1859 agnoscitur,
1379 1767 1762 1843 certantium
1786 1764 2030 1839 scilicet
2053 1779 2241 1855 atque
2273 1767 2633 1832 micantium
2650 1814 2669 1839 ,

647 1876 952 1965 Apostolo
992 1874 1241 1939 dicente
1270 1867 1342 1937 2'«
1368 1872 1594 1938 Nostra
1634 1872 2028 1937 conversatio
2052 1872 2115 1936 in
2148 1873 2316 1938 caelis
2338 1884 2428 1935 est
2448 1872 2489 1933 ¹.
2521 1871 2667 1944 2132,

664 2004 691 2039 ι
711 1979 1054 2066 Rapiemur
1079 1977 1145 2041 in
1171 1977 1401 2040 coelum
1422 2025 1441 2050 ,
1478 1989 1543 2041 et
1572 1977 1807 2041 erimus
1840 1999 2090 2065 semper
2118 1998 2258 2040 cum
2293 1974 2534 2039 Christo
2555 1972 2599 2037 ².
2622 2002 2650 2031 ι

648 2084 728 2150 Et
758 2082 1067 2150 Dominus
1108 2080 1400 2168 dignatus
1442 2094 1539 2145 est
1597 2080 1851 2147 dicere:
1891 2109 1918 2141 ι
1942 2083 2121 2148 Pater
2168 2079 2274 2144 ubi
2318 2101 2434 2167 ego
2479 2098 2621 2142 sum
2645 2125 2666 2151 ,

648 2190 836 2253 »volo
866 2200 933 2252 et
953 2186 1055 2252 isti
1094 2183 1279 2250 sint⁸.
1310 2211 1336 2245 »

1585 2401 1759 2455 cxu.

740 2577 913 2644 Sum·
949 2577 1208 2665 quidam
1243 2577 1616 2642 dubitantes
1649 2578 1930 2643 haeretici
1963 2578 2041 2642 de
2069 2577 2169 2641 die
2190 2575 2677 2666 Epiphaniorum

649 2682 905 2749 Domini
936 2683 1298 2765 Salvator-is,
1336 2684 1444 2770 qui
1478 2684 1839 2748 celebratur
1868 2694 2089 2747 octavo
2122 2682 2272 2747 Idus
2309 2679 2631 2747 ‹Ianuarias
2652 2727 2671 2752 ‚

649 2787 929 2853 dicentes
960 2790 1164 2852 solum
1200 2788 1484 2854 Natalem
1526 2788 1759 2854 debere
1790 2812 1898 2852 eos
1931 2788 2255 2853 celebrare
2285 2785 2534 2851 Domini
2566 2807 2677 2848 oc-

646 2905 792 2959 tavo
820 2890 1127 2957 Calendas
1149 2893 1510 2968 lanuarias,
1539 2916 1667 2957 non
1698 2905 1914 2958 tamen
1949 2893 2116 2958 diem
2141 2891 2617 2980 Epiphaniorum
2637 2911 2660 2958 ,-

647 2996 1005 3085 ignorantes
1053 2993 1226 3084 quod
1268 2999 1383 3062 sub
1443 3000 1579 3087 lege
1618 3008 1683 3061 et
1713 2998 2104 3073 secundum,
2140 2996 2413 3061 Salvator
2443 3013 2666 3056 carna-

646 3101 793 3168 liter
822 3102 1030 3166 omnia
1073 3103 1132 3166 in
1166 3125 1231 3167 se
1262 3115 1327 3168 et
1364 3106 1443 3169 de
1481 3125 1548 3167 se
1584 3105 2102 3178 consummabat,
2130 3115 2197 3167 ut
2222 3114 2280 3166 et
2308 3108 2671 3164 nasceretur

649 3217 874 3272 octavo
924 3206 1234 3273 Calendas
1279 3206 1612 3272 Januarias
1652 3219 1716 3271 et
1763 3222 2095 3296 appareret
2141 3218 2327 3274 sexto.
2372 3203 2683 3293 Apparuit

647 3309 840 3397 Magis
861 3324 1004 3398 post
1026 3313 1364 3386 duodecim
1399 3311 1531 3376 dies
1560 3310 1624 3375 in
1648 3315 1909 3400 templo.
1958 3312 2053 3379 Ne
2081 3335 2231 3401 ergo
2262 3310 2483 3375 umbra
2508 3308 2683 3394 quod
2776 3299 2785 3302 ¹

641 3434 864 3478 verum
897 3426 1037 3479 erat
1066 3427 1395 3501 pareretur
1430 3427 1496 3479 et
1518 3414 1607 3480 sic
1644 3417 1676 3480 a
1708 3415 1901 3504 Magis
1933 3418 2326 3490 adoraretur,
2365 3436 2477 3502 per
2507 3409 2686 3475 ordi-

645 3537 794 3580 nem
816 3517 1052 3604 quippe
1088 3539 1202 3604 pro
1225 3531 1439 3584 nostra
1473 3521 1674 3584 salute
1696 3533 1761 3585 et
1785 3522 1977 3586 annui
2011 3521 2144 3586 dies
2173 3518 2526 3586 festivitatis
2554 3537 2690 3580 ma·

644 3618 816 3708 jores
846 3620 947 3686 isti
977 3621 1194 3687 statuti
1232 3635 1414 3698 sunt,
1450 3637 1722 3711 quatuor
1754 3625 2032 3714 primum
2070 3627 2132 3691 in
2165 3646 2293 3711 quo
2324 3636 2507 3689 natus
2538 3633 2686 3695 est3

648 3725 877 3789 deinde
903 3726 1110 3812 inquo
1136 3730 1447 3816 apparuit,
1485 3730 1551 3795 id
1573 3742 1689 3805 est,
1720 3731 2100 3796 duodecimo
2128 3730 2230 3795 die
2257 3754 2277 3805 ς
2306 3741 2448 3818 post
2471 3728 2533 3792 in
2556 3748 2695 3812 quo

645 3849 865 3918 passus
891 3843 988 3897 est
1015 3830 1081 3897 in
1112 3834 1390 3910 Pascha;
1423 3834 1488 3901 in
1518 3832 1648 3902 fine
1688 3860 1836 3903 vero
1867 3837 1931 3902 in
1971 3857 2098 3924 quo
2129 3834 2418 3926 ascendit
2452 3834 2519 3899 in
2551 3853 2699 3897 εω-

711 3987 741 4032 1!
764 3980 947 4049 Philip.
972 3997 1054 4045 ιιι,
1078 3997 1157 4034 so.
1180 4009 1243 4026 --
1262 4001 1284 4026 ⁸
1316 4002 1336 4038 ι
1365 3985 1535 4039 Thess.
1557 4002 1625 4045 tv.
1653 4004 1730 4054 ¹7·
1748 4013 1811 4030 -—
1829 3989 1852 4028 ⁸
1872 3987 2017 4040 Joao.
2038 4001 2165 4049 nn,
2189 3983 2275 4047 ²4·
