2982 4885
1116 530 1372 575 nomm
1419 527 1586 572 xxxx.
2236 509 2365 578 233

329 644 700 721 adhibitam,
737 653 893 709 tunc
924 643 1366 710 manifestatur
1385 655 1451 708 et
1476 653 1737 731 apparet
1764 640 1901 717 tibi,
1939 642 2367 734 auxiliumque

255 806 266 817 ,
328 748 514 818 suum
553 748 941 837 impertitur,
981 772 1053 814 ac
1097 747 1427 814 victoriam
1464 747 1578 812 tibi
1619 760 1965 836 praeparat,
1998 749 2271 815 liberans
2305 763 2369 816 te

329 855 408 920 ab
445 854 729 920 hostibus
769 854 907 919 tuis.
949 853 1364 943 Conspiciens
1404 852 1575 919 enim
1615 851 1792 938 prius
1825 864 2007 919 tuum
2045 857 2370 941 quaerendi

327 981 477 1025 eum
507 958 825 1033 ardorem,
857 970 922 1023 et
951 981 1079 1045 quo
1096 970 1287 1047 pacto
1310 979 1569 1023 omnem
1595 969 1770 1023 tuam
1800 979 1980 1046 spem
2005 958 2371 1029 indesinen-

325 1078 423 1134 ter
453 1066 516 1132 in
548 1088 627 1131 eo
656 1068 931 1131 locatam
961 1065 1197 1131 habeas
1219 1115 1236 1141 ‚
1274 1065 1381 1131 hic
1416 1065 1607 1129 docet
1637 1076 1827 1153 atque
1857 1062 2123 1152 largitur
2152 1089 2372 1135 verum

324 1171 626 1261 precandi
657 1174 962 1249 modum,
996 1171 1403 1238 dilectionem
1441 1191 1694 1242 veram,
1732 1192 1871 1256 quae
1910 1182 2006 1236 est
2053 1170 2226 1260 ipse,
2264 1174 2374 1263 qui

324 1275 536 1341 omnia
580 1278 750 1364 apud
793 1288 856 1341 te
905 1275 1013 1351 fit,
1051 1276 1418 1365 paradisus,
1463 1275 1717 1363 lignum
1764 1273 1946 1351 vitae,
1991 1278 2407 1366 margaritas

325 1401 586 1454 corona,
622 1381 1036 1456 architectus,
1075 1383 1373 1469 agricola,
1401 1380 1700 1469 patibilis,
1727 1378 2115 1461 impatibilis,
2149 1381 2370 1459 homo,

324 1483 496 1550 Deus
512 1528 544 1579 ,ι
566 1484 823 1558 vinum,
863 1507 1021 1570 aqua
1057 1486 1227 1559 viva,
1264 1487 1429 1560 ovis,
1465 1508 1735 1574 sponsus
1757 1533 1774 1557 ‚
1817 1472 2125 1563 bellator,
2163 1510 2385 1573 arma,

322 1586 541 1653 omnia
585 1580 650 1652 in
681 1588 978 1653 omnibns
1011 1588 1319 1654 Christus.
1376 1588 1938 1669 Quemadmodum
1982 1613 2130 1681 vero
2170 1590 2375 1673 infans

327 1714 459 1759 non
491 1692 665 1757 novit
708 1715 777 1756 se
812 1692 1019 1779 ipsum
1059 1716 1284 1758 curare
1331 1696 1431 1759 vel
1463 1716 1722 1768 ornare,
1772 1697 1881 1759 sed
1914 1697 2124 1760 solum
2156 1684 2383 1781 oculos

329 1798 638 1863 convertit
671 1798 753 1861 ad
789 1808 1097 1874 matrem,
1124 1798 1319 1871 ssens,
1354 1799 1561 1862 donec
1591 1796 2024 1862 misericordia
2057 1814 2374 1868 commota

325 1903 503 1969 illum
540 1902 889 1990 suscipiat:
940 1901 1029 1986 sic
1072 1900 1292 1968 fideles
1336 1902 1562 1967 animae
1603 1902 1665 1967 in
1701 1903 1836 1966 solo
1875 1900 2153 1968 Domino
2195 1925 2373 1992 spem

323 2007 560 2073 habent
590 2019 933 2098 perpetue,
966 2030 1223 2073 omnem
1254 2006 1566 2095 justitiam
1598 2005 1658 2073 ei
1682 2007 2073 2085 tribuentes,
2108 2008 2255 2095 quia
2286 2009 2374 2074 si·-

323 2124 436 2178 cut
455 2112 586 2179 sine
604 2113 730 2178 vite
765 2114 1004 2200 palmes
1031 2112 1283 2186 arescit,
1317 2113 1407 2177 sic
1432 2134 1687 2202 quoque
1720 2112 1828 2201 qui
1854 2113 2093 2199 absque
2119 2111 2371 2180 Christo

323 2219 458 2282 vult
494 2215 848 2302 justificari.
885 2216 966 2278 Et
1010 2217 1553 2301 quemadmodum
1589 2217 1751 2279 latro
1783 2228 1881 2280 est
1910 2227 1976 2280 et
2005 2215 2147 2289 sur,
2188 2242 2214 2275 α
2246 2217 2374 2296 Qui

328 2341 486 2407 »per
526 2320 878 2406 ingressum
918 2338 1048 2379 non
1083 2319 1312 2389 intrat,
1362 2319 1474 2381 sed
1508 2317 1762 2380 aliunde
1794 2318 2082 2383 ascendit
2111 2316 2129 2351 ¹
2161 2341 2176 2379 t
2211 2345 2237 2379 ι
2287 2319 2372 2384 ita

328 2424 438 2514 qui
467 2423 600 2489 sine
633 2417 1024 2510 justificante
1061 2441 1127 2484 se
1159 2419 1366 2506 ipsum
1399 2415 1728 2505 justificat.

417 2527 496 2596 V.
550 2528 878 2594 Tollamus
902 2545 1053 2612 ergo
1089 2545 1320 2613 corpus
1358 2537 1685 2598 nostrum,
1717 2534 1784 2588 et
1807 2531 2247 2593 construamus
2284 2529 2379 2594 al·-

330 2645 466 2700 tare
507 2644 572 2697 et
623 2631 1216 2720 superimponamus
1250 2651 1471 2693 omnes
1510 2641 1756 2694 nostras
1799 2629 2254 2718 cogitationes,
2299 2656 2374 2701 ac

330 2740 752 2828 deprecemur
796 2736 1181 2810 Dominum,
1225 2746 1296 2799 ut
1338 2733 1549 2799 mittat
1593 2758 1630 2801 e
1667 2736 1830 2800 coelo
1879 2734 2256 2803 invisibilem
2309 2751 2377 2804 et

328 2866 633 2936 magnum
656 2844 893 2932 ignem,
929 2840 1039 2930 qui
1070 2851 1405 2905 consumat
1427 2841 1655 2914 altare,
1684 2851 1750 2905 et
1780 2840 1993 2905 omnia
2025 2863 2165 2927 quae
2197 2843 2262 2909 in
2293 2866 2370 2910 eo

326 2963 474 3017 sunt
501 2974 518 3015 ε
560 2971 907 3035 omnesque
940 2948 1299 3012 sacerdotes
1328 2945 1486 3011 Baal
1518 2946 1773 3018 cadant,
1806 2967 1947 3032 quae
1970 2958 2117 3011 sunt
2156 2948 2371 3015 adver-

327 3058 503 3124 sariae
543 3065 886 3145 potestates
927 3076 944 3118 ε
994 3065 1262 3142 tumque
1316 3051 1454 3115 visu
1507 3052 1932 3141 percipiemus
1981 3052 2372 3143 spiritualem

328 3162 630 3252 pluviam,
664 3162 840 3226 velut
872 3159 1199 3248 vestigium
1223 3157 1537 3234 hominis,
1567 3157 1926 3225 venientem
1960 3160 2025 3225 in
2060 3161 2369 3237 animam,

330 3280 402 3333 ut
447 3267 783 3357 impleatur
827 3265 893 3330 in
927 3265 1109 3331 nobis
1150 3264 1360 3330 divina
1406 3264 1781 3355 promissio,
1835 3266 2374 3351 quemadmodum

333 3374 574 3439 dictum
616 3385 714 3438 est
771 3370 939 3460 apud
983 3368 1365 3456 Prophetam
1413 3393 1428 3432 ε
1493 3396 1518 3427 α
1566 3368 1819 3457 Erigam
1863 3378 1929 3432 et
1970 3365 2374 3439 reedificabo

335 3478 859 3543 »tabernaculum
894 3472 1119 3544 David,
1156 3472 1332 3553 quod
1355 3473 1704 3555 collapsum
1733 3483 1830 3536 est
1855 3492 1872 3536 ε
1900 3482 1968 3535 et
1989 3468 2198 3537 diruta
2235 3474 2374 3560 ejus

336 3580 776 3644 rreaedilicabo
811 3577 833 3611 ²
864 3600 879 3642 ε
917 3605 943 3638 ι
991 3585 1063 3638 ut
1110 3569 1387 3636 animam
1428 3568 1493 3632 in
1531 3584 1718 3638 nocte
1750 3596 1824 3637 ac
1868 3573 2146 3639 tenebris
2181 3599 2370 3664 agen-

337 3699 507 3757 tem,
543 3682 607 3745 in
638 3683 942 3747 ebrietate
978 3700 1207 3766 nempe
1237 3675 1646 3765 ignorantias,
1680 3698 1791 3739 sua
1825 3676 2215 3765 benignitate
2242 3681 2379 3748 Do-

336 3789 551 3858 minus
572 3785 860 3859 illustret,
888 3805 1026 3870 quae
1056 3793 1272 3871 postea
1307 3784 1387 3849 ad
1421 3781 1830 3863 sobrietatem
1856 3779 2106 3858 rediens
2138 3785 2377 3875 absque

340 3881 727 3961 offendiculo
768 3888 1051 3952 ambulet
1077 3934 1096 3961 ,
1149 3885 1274 3953 diei
1315 3883 1584 3975 vitaeque
1628 3909 1818 3979 opera
1864 3908 2187 3977 peragens.
2243 3893 2379 3963 lllie

412 4040 427 4069 ⁸
451 4029 672 4086 loun-x,
697 4042 743 4077 ι.
768 4051 824 4064 -
851 4038 871 4063 ·
896 4023 1064 4077 Amos.
1092 4037 1159 4080 ιι,
1182 4038 1262 4075 ιι.
