2982 4885
618 494 744 603 388¹
1281 513 1331 556 s.
1385 513 1649 593 uacant
1696 514 1962 581 aarum

608 632 833 699 idonea
868 628 953 695 ad
987 627 1444 716 plantationem
1476 630 1715 706 vineae3
1760 629 1875 695 alia
1908 650 2058 693 vero
2090 630 2172 694 ad
2202 628 2641 695 seminandum

607 737 1025 808 frumentum,
1061 746 1169 799 aut
1202 733 1552 807 hordeum,·
1584 732 1669 797 ita
1696 733 1861 799 varia
1886 746 2032 797 sunt
2056 732 2389 800 hominum
2423 736 2639 809 corda,

611 852 799 927 atque
832 839 1218 912 voluntates;
1249 838 1475 902 eodem
1503 860 1751 925 quoque
1781 839 1972 902 modo
2005 839 2168 903 dona
2197 825 2470 925 desuper
2501 860 2645 904 con-

610 944 940 1011 seruntur:
993 941 1146 1007 huic
1183 941 1440 1029 quidem
1485 943 1757 1013 donatur
1807 941 2261 1009 administratio
2302 943 2513 1017 verbi,
2562 942 2647 1007 illi

611 1072 761 1131 vero
809 1044 1142 1121 discretio,
1208 1045 1310 1110 alii
1357 1047 1597 1139 donum
1641 1046 2008 1111 conserendi
2057 1047 2405 1117 sanitatem.
2462 1045 2654 1112 Novit

609 1154 782 1239 enim
813 1138 1008 1226 Deua,
1044 1173 1170 1238 quo
1204 1161 1387 1239 pacto
1419 1151 1559 1238 quis
1591 1150 1953 1240 dispensare
1978 1151 2198 1239 possit,
2233 1163 2420 1238 atque
2451 1172 2527 1216 ea
2558 1172 2655 1215 ra·

611 1258 784 1323 tione
817 1257 1062 1323 confert
1084 1254 1323 1319 diversa
1352 1256 1537 1321 dona.
1570 1256 1875 1322 Similiter
1898 1279 2151 1344 quoque
2183 1258 2261 1322 ad
2285 1255 2451 1321 bella
2477 1265 2651 1319 certo

613 1361 889 1449 quodam
935 1362 1129 1426 modo
1174 1382 1289 1448 pro
1333 1360 1570 1426 viribus
1611 1362 1887 1427 hominis
1926 1362 2323 1450 suscipienda
2358 1382 2431 1449 ac
2463 1356 2654 1423 susti-

614 1462 859 1544 nenda,
915 1467 994 1532 ad
1037 1466 1212 1533 hunc
1256 1467 1523 1533 modum
1579 1469 1947 1535 immittitur
1986 1469 2109 1534 illis
2149 1466 2499 1534 adversaria
2534 1486 2656 1553 po-

617 1582 830 1638 testa!-

1287 1842 1294 1849 ὰ
1352 1786 1910 1869 ιητειιιιοαρτιο.

702 1975 780 2042 V.
841 1974 900 2040 U
902 1988 1109 2047 tram,
1134 1973 1255 2057 qui
1272 1974 1519 2061 accipie
1553 1973 1664 2039 dev
1675 1976 1867 2041 inam
1885 1979 2233 2055 virtutem,
2261 1954 2340 2044 dc
2364 1980 2440 2043 in
2465 1996 2672 2068 parto

617 2092 938 2161 mutatur,
971 2080 1043 2142 in
1075 2092 1323 2142 natura
1346 2100 1469 2143 aaa
1483 2084 1885 2166 permanet?

1435 2284 1836 2349 nnsroa'sto.

710 2496 791 2564 Ut
824 2500 1112 2564 voluntas
1158 2509 1303 2587 post
1343 2509 1673 2594 acceptam
1716 2518 1970 2584 quoque
2012 2495 2278 2583 gratiam
2324 2498 2654 2587 probetur,

619 2625 746 2692 quo
782 2605 1019 2694 tendat,
1056 2601 1239 2668 cuive
1267 2602 1647 2675 consentiat,
1682 2614 1906 2666 natura
1938 2614 2228 2668 remanet
2258 2603 2507 2680 eadem,
2541 2604 2660 2669 du-

618 2731 727 2772 rus
758 2707 820 2771 in
854 2707 1106 2780 duritie,
1143 2718 1207 2769 et
1239 2707 1390 2770 levis
1417 2707 1480 2769 in
1516 2706 1788 2771 levitate.
1825 2706 2147 2795 Contingit
2169 2730 2317 2773 vcro
2340 2708 2661 2797 plebeium

623 2809 984 2902 quempiam
1004 2809 1358 2896 regenerari
1381 2808 1815 2895 spiritualiter,
1844 2832 1914 2875 ac
1932 2812 2175 2896 *mutari
2199 2812 2263 2877 in
2289 2813 2654 2901 sapientem,

621 2929 688 2984 et
717 2915 924 2981 eidem
964 2912 1225 2977 revelari
1257 2915 1508 2979 occulta
1541 2913 1865 3002 mysteria,
1892 2915 2001 3003 qui
2031 2928 2255 2982 natura
2294 2927 2501 2982 tamen
2521 2919 2660 3004 ple-

621 3020 799 3087 beius
840 3028 954 3081 est.
1003 3016 1176 3081 Alius
1220 3020 1415 3086 durus
1455 3030 1704 3095 natura,
1740 3021 2016 3109 applicat
2057 3023 2450 3088 voluntatem
2481 3042 2664 3087 suam

624 3123 703 3189 ad
728 3122 972 3186 cultum
998 3122 1304 3198 divinum,
1332 3146 1520 3210 quem
1551 3138 1839 3214 acceptat
1862 3149 2115 3214 quoque
2136 3127 2347 3203 Deus:
2377 3138 2666 3193 remanet

617 3249 768 3293 vero
815 3239 1039 3292 natura
1081 3221 1220 3314 ejus
1262 3227 1327 3293 in
1375 3251 1484 3294 sna
1528 3230 1783 3306 duritie,
1827 3231 2005 3324 isque
2040 3232 2173 3298 Deo
2204 3234 2436 3320 placet.
2490 3231 2664 3297 Alius

619 3323 716 3402 est
747 3332 1029 3400 moribus
1059 3325 1373 3423 benignis,
1406 3325 1651 3425 aequus,
1686 3338 1930 3412 bonum
1962 3336 2151 3406 offert
2171 3362 2240 3403 se
2270 3338 2478 3426 ipsum
2501 3337 2661 3414 Deo,

618 3460 692 3504 ac
731 3438 963 3527 recipit
1007 3438 1529 3517 eum=Dominus3
1568 3466 1645 3509 eo
1686 3442 2016 3531 vero,‚qui
2047 3466 2176 3510 non
2208 3454 2566 3534 perseverat
2598 3443 2664 3509 in

623 3542 808 3608 bonis
837 3543 1161 3632 operibus,
1186 3569 1317 3612 non
1349 3548 1734 3623 delectatum
1771 3547 2082 3635 siquidem
2116 3548 2404 3615 universa
2434 3556 2666 3611 natura

628 3647 782 3717 Adae
826 3651 1151 3717 mutabilis
1193 3665 1288 3719 est
1326 3667 1463 3730 tum
1495 3656 1560 3721 in
1589 3656 1855 3729 bonnm,
1889 3665 2030 3720 tum
2061 3655 2126 3721 in
2157 3656 2430 3736 malumz
2465 3674 2670 3741 capax

627 3755 883 3843 quidem
932 3757 1123 3858 mali,
1167 3762 1341 3847 quod
1381 3771 1594 3825 tamen
1614 3806 1632 3832 ,
1665 3758 1718 3822 si
1746 3757 1928 3835 velit,
1965 3759 2030 3840 in
2060 3757 2362 3827 effectum
2392 3779 2521 3824 non
2554 3758 2669 3826 de-

634 3860 829 3926 ducit.

718 3959 823 4048 Vl·
874 3960 1442 4072 Quemadmodum,
1463 3951 1568 4038 'est
1605 3969 1977 4060 membrana
2022 3971 2249 4046 titteris
2288 3940 2569 4052 consita,
2602 3969 2676 4045 in
