2982 4885
548 564 679 643 324
1219 572 1267 617 s.
1324 563 1586 614 menn
1630 561 1899 611 marr-ru

631 694 706 763 V.
761 690 901 759 Non
935 688 1015 755 ab
1045 685 1322 753 exterius
1355 681 1804 772 apparentibus
1840 677 2116 768 peccatis
2147 678 2355 741 solum
2375 726 2395 753 ,
2429 689 2582 766 puta

544 795 984 867 fornicatione,
1013 789 1385 862 homicidio,
1418 789 1618 861 furto,
1651 787 1937 873 crapula,
1973 782 2304 848 calumniae
2343 783 2578 857 studio,

543 901 903 976 mendacio,
933 897 1278 986 cupiditate
1304 893 1614 982 pecuniae,
1643 889 1898 955 avaritia
1918 901 1982 954 et
2006 889 2258 961 talibus,
2286 901 2580 975 praestare

544 1033 612 1076 se
644 1027 871 1097 puram
902 1012 1154 1091 oportet
1194 998 1497 1085 virginem
1534 996 1807 1060 animam
1830 1043 1848 1069 ,
1887 1006 1951 1058 et
1985 1015 2125 1081 quae
2159 991 2292 1058 Deo
2323 1016 2387 1059 se
2418 1016 2565 1059 con-

542 1116 811 1206 jungere
843 1106 1237 1179 decreverim
1284 1104 1396 1169 sed
1438 1113 1501 1166 et
1542 1102 1746 1166 multo
1776 1100 1976 1189 magis
2022 1101 2099 1164 ab
2142 1100 2447 1172 occultis,
2482 1098 2578 1162 uti

499 1289 507 1302 ‚
543 1219 816 1287 diximus
837 1265 855 1293 ,
889 1215 1015 1280 hoc
1045 1219 1189 1286 est,'
1217 1233 1250 1274 a
1274 1208 1656 1298 cupiditate,
1700 1228 1735 1271 a
1763 1228 1939 1272 vanae
1974 1205 2187 1293 gloriae
2221 1203 2502 1279 ambitu,
2544 1226 2581 1268 a

544 1325 743 1392 nimio
789 1317 1102 1388 desiderio
1148 1314 1515 1384 hominibus
1567 1311 1897 1401 placendi,
1938 1333 1971 1374 a
2023 1309 2448 1383 simulatione,
2497 1308 2575 1372 ab

548 1426 954 1498 affectatione
977 1421 1449 1496 dominationis,
1484 1442 1518 1484 a
1551 1420 1724 1493 dolo,
1753 1441 1786 1482 a
1816 1414 2242 1505 malignitate,
2280 1415 2355 1479 ab
2389 1412 2528 1478 odio
2550 1461 2569 1488 ,

547 1538 628 1602 ab
658 1533 1055 1608 infidelitate,
1089 1530 1167 1595 ab
1202 1527 1459 1603 invidia,
1489 1545 1536 1591 a·
1549 1526 1644 1590 sui
1669 1546 1884 1589 amore
1915 1522 2356 1596 immoderato,
2388 1519 2464 1584 ab
2491 1541 2585 1582 ar-

540 1637 1310 1728 rogantia,}similibusque
1335 1633 1401 1698 id
1423 1654 1638 1720 genus.
1672 1628 1856 1696 Novit
1878 1627 2073 1704 enim,
2109 1625 2193 1690 ait
2225 1625 2582 1712 Scriptura,

542 1745 797 1814 occulta
834 1741 970 1806 haec
1002 1739 1225 1804 animae
1248 1746 1507 1822 peccata
1540 1734 1674 1818 pari
1704 1735 1845 1795 loco
1878 1752 2027 1793 cum
2058 1729 2331 1794 externis
2363 1727 2591 1793 Domi·-

541 1872 664 1915 nus
695 1866 954 1911 censere
976 1891 993 1916 ,
1036 1841 1190 1905 dicit
1235 1838 1467 1924 quippe
1497 1857 1513 1898 t
1566 1862 1591 1893 ι
1624 1832 1959 1918 Dissipavit
1991 1843 2126 1894 ossa
2157 1825 2388 1894 e'orum
2418 1882 2434 1905 ,
2474 1832 2589 1919 qui

537 1946 950 2020 »hominibus
975 1945 1230 2030 placent
1252 1939 1299 2003 ¹.
1336 1966 1360 2000 n
1401 1939 1518 2011 Et,
1573 1962 1598 1995 ι
1629 1935 1850 2000 Virum
1884 1933 2264 2021 sanguinum
2302 1945 2368 1998 et
2396 1935 2590 2001 dolo-

538 2081 566 2115 »
585 2074 726 2116 sum
760 2043 1231 2112 abominabitur
1252 2040 1563 2107 Dominus
1584 2038 1631 2103 ².
1664 2066 1688 2098 ι
1726 2038 1964 2104 Dolum
1991 2061 2171 2124 aeque
2197 2059 2271 2102 ac
2305 2038 2590 2104 homici-

536 2156 712 2219 dium
737 2150 1077 2216 ostendens
1102 2145 1556 2213 abominationi
1577 2145 1711 2210 Deo
1735 2167 1890 2209 esse.
1941 2171 1967 2203 ι
1992 2144 2073 2208 Et
2094 2142 2203 2229 qui
2227 2144 2585 2231 loquuntur

537 2280 808 2348 »pacem
849 2277 999 2321 cum
1028 2254 1316 2344 proximo
1348 2251 1368 2287 ⁸
1388 2301 1405 2327 ,
1441 2280 1466 2314 n
1515 2264 1581 2317 et
1618 2273 1757 2339 quae
1790 2263 2160 2338 sequuntur.
2199 2250 2280 2315 Et
2310 2267 2573 2316 rursust

548 2394 579 2426 ι
613 2363 865 2429 Etenim
896 2361 962 2426 in
1004 2362 1195 2425 corde
1220 2358 1581 2446 iniquitates
1614 2355 2004 2444 operamini,
2034 2344 2103 2420 in*
2134 2366 2302 2420 terra
2323 2407 2340 2432 ,
2374 2368 2496 2421 etc.
2532 2383 2558 2416 ι

537 2470 664 2546 Et,
713 2497 738 2529 ι
763 2467 871 2535 Vae
899 2467 1079 2533 vobis
1112 2460 1729 2532 eum'benedixerint
1762 2461 1939 2527 vobis
1972 2460 2262 2527 homines
2295 2462 2345 2537 ⁴,
2376 2490 2400 2522 ι
2440 2463 2574 2527 Hoc

539 2589 681 2653 est,
736 2596 886 2639 cum
929 2570 1293 2638 studueritis
1345 2571 1422 2635 ab
1458 2566 1829 2634 'hominibus
1869 2567 2033 2632 bene
2082 2567 2340 2643 audire,
2394 2580 2457 2633 et
2509 2567 2576 2632 in

542 2679 807 2768 gloriam
854 2678 1199 2760 laudesque
1242 2675 1523 2761 ipsorum
1572 2672 1864 2738 ferimini.
1922 2673 2175 2737 Etenim
2213 2684 2324 2761 qut
2375 2670 2578 2763 potest

541 2784 720 2859 fieri,
756 2793 826 2846 ut
863 2780 1032 2844 bene
1063 2789 1398 2865 operantes
1431 2779 1693 2844 omnino
1729 2782 1965 2844 lateant
1992 2778 2021 2843 Ρ
2054 2781 2398 2869 praesertim
2429 2801 2576 2844 eum

543 2888 678 2976 ipse
707 2882 1021 2950 Dominus
1050 2880 1265 2946 dicat:
1318 2908 1344 2942 ι
1382 2880 1622 2950 Luceat
1651 2886 1759 2949 lux
1798 2896 2004 2951 vest-a
2046 2907 2259 2951 coram
2300 2884 2576 2948 homini-

540 2991 769 3059 »bus⁵.
803 3018 828 3051 ι
867 2989 952 3055 At
978 2986 1058 3052 de
1090 3000 1320 3055 caetero
1361 2990 1641 3063 studete,
1671 2990 1796 3065 ait,
1841 2992 1922 3056 ad
1957 2991 2075 3057 Dei
2108 2990 2359 3078 gloriam
2393 2988 2566 3072 quod

544 3100 790 3166 bonum
817 3106 916 3160 est
946 3116 1161 3183 agere,
1197 3116 1329 3160 non
1360 3106 1572 3159 autem
1606 3098 1686 3160 ad
1711 3097 2084 3182 captandam
2112 3092 2284 3159 vobis
2313 3092 2574 3156 laudem

542 3200 867 3292 propriam
893 3225 912 3276 ς
945 3221 1066 3265 nec
1090 3211 1161 3264 ut
1190 3197 1529 3263 videamini
1565 3199 1984 3266 humanarum
2006 3201 2264 3267 laudum
2286 3194 2575 3263 encomia

544 3307 955 3395 impudenter
979 3326 1211 3370 amare.
1253 3300 1415 3369 Nam
1439 3314 1505 3367 et
1535 3301 1821 3370 infideles
1843 3303 1979 3371 ess'e
2009 3308 2162 3372 tales
2193 3303 2469 3370 ostendit
2491 3303 2578 3369 di·

548 3433 702 3477 cens
729 3434 746 3476 ε
792 3437 818 3471 ι
847 3409 1191 3489 Quomodo
1228 3404 1490 3494 potestis
1529 3405 1724 3474 fidem
1753 3409 1988 3477 habere
2016 3461 2033 3486 ,
2074 3411 2341 3501 gloriam
2372 3409 2447 3475 ab
2478 3410 2577 3474 in-

544 3545 571 3578 »
590 3515 795 3597 vicem
824 3511 1205 3599 accipientes
1228 3558 1246 3585 ,
1283 3522 1347 3576 et
1377 3511 1639 3599 gloriam
1661 3563 1680 3590 ,
1721 3538 1860 3603 quae
1885 3534 1929 3581 a
1960 3519 2094 3583 solo
2122 3518 2257 3584 Deo
2289 3528 2412 3591 est,
2444 3535 2572 3579 non

542 3648 571 3682 ι
589 3629 939 3707 quaerentes
959 3614 1007 3680 ⁸.
1042 3642 1068 3676 ι
1104 3613 1265 3705 Vide
1287 3624 1353 3683 et
1374 3616 1771 3707 Apestolum,
1791 3624 2114 3706 quomodo
2139 3622 2353 3687 omnia
2376 3641 2574 3707 usque

546 3726 630 3793 ad
665 3724 872 3813 ipsum
910 3721 1296 3789 manducare
1331 3733 1396 3789 et
1426 3725 1681 3797 bibere,
1715 3722 1779 3787 in
1818 3726 2084 3813 gloriam
2126 3726 2246 3793 Dei
2297 3724 2577 3816 praecipit

548 3854 733 3920 agere
756 3856 777 3907 3
810 3830 897 3897 ait
919 3828 1089 3897 enim
1118 3855 1135 3894 ε
1174 3857 1201 3893 ι
1221 3830 1370 3898 Sive
1393 3830 1813 3907 manducatis,
1840 3831 1969 3899 sive
1985 3833 2228 3912 bibitis,
2256 3834 2387 3899 sive
2411 3832 2582 3898 aliud

544 4036 551 4045 ,
620 3999 635 4024 ·
662 3985 788 4037 Pul.
814 4001 901 4046 ιιι,
918 3984 966 4036 6.
986 4012 1046 4025 -
1060 3998 1080 4024 ¹
1111 3985 1190 4036 ld.
1214 4002 1264 4043 v.
1281 4002 1332 4053 7.
1347 4012 1411 4025 —
1430 3987 1453 4023 ³
1477 3984 1556 4040 ld.
1577 4000 1734 4044 nvn,
1754 3985 1804 4038 ὅ.
1823 4013 1887 4026 -
1909 3990 1931 4033 ⁴
1952 3988 2075 4041 Luc.
2096 4004 2165 4046 n,
2190 3986 2337 4041 26.-
2361 3989 2382 4026 ⁸
2403 3984 2579 4038 unuh.

544 4085 612 4131 vt,
642 4071 716 4122 ιδ.
741 4096 800 4109 -
822 4071 846 4107 ⁶
868 4069 1012 4121 ‹loan-
1029 4084 1081 4128 v.
1102 4067 1187 4128 44.
