2982 4885
563 462 708 548 ’404
1247 485 1296 527 s.
1350 481 1612 529 nucum
1656 480 1925 530 aetra-11

567 590 784 720 poste·
831 597 1198 672 incidimus,
1243 619 1371 661 non
1404 600 1886 688 experiebamur
1907 625 1925 673 ς
1966 601 2077 664 sed
2108 623 2281 666 nunc
2318 625 2471 669 cum
2505 626 2627 672 ac-

573 704 873 772 cessimus
907 704 986 768 ad
1020 700 1421 767 serviendum
1454 705 1627 781 Deo,
1660 704 2039 792 multiplices
2064 704 2200 770 illas
2232 709 2624 776 tentationes

571 806 892 899 patimur?
915 804 1104 873 Vides
1127 819 1389 894 propter
1417 807 1741 873 Christum
1766 809 1928 874 has
1911 833 1974 873 m
2001 833 2113 875 nos
2137 811 2397 877 immitti
2424 815 2620 880 afflic-

565 914 772 981 'tiones
789 915 868 978 ab
889 913 1245 978 adversario
1272 913 1591 979 invidente
1615 914 1797 980 nobis
1828 928 2104 1002 speratas
2126 918 2602 995 retributiones,

561 1025 1063 1108 languoremque
1096 1040 1170 1082 ac
1210 1017 1570 1083 desidiam
1553 1018 1815 1106 injicere
1848 1020 2177 1085 animabus
2210 1023 2438 1088 nostris
2468 1036 2605 1089 stu-

562 1131 795 1202 dente,
837 1148 919 1190 ne
955 1125 1035 1189 ad
1067 1123 1182 1187 Dei
1212 1125 1683 1211 beneplacitum
1726 1124 1851 1191 vita
1884 1136 2236 1202 transacta,
2280 1128 2607 1216 promissis

563 1231 836 1322 praemiis
887 1232 1220 1294 donemur.
1281 1228 1522 1295 Omnes
1575 1230 1712 1318 ejus
1763 1242 1987 1296 contra
2038 1254 2154 1296 nos
2197 1233 2385 1297 irritae
2432 1232 2610 1299 fiunt

562 1337 876 1403 machinas
906 1334 1092 1399 nobis
1124 1355 1272 1398 cum
1304 1332 1559 1399 Christo
1589 1334 2032 1423 pugnantibus.
2076 1336 2201 1400 Hic
2213 1335 2378 1403 enim
2410 1359 2603 1431 mag-

565 1465 729 1516 nus,
771 1440 878 1505 bic
924 1436 1194 1503 invictus
1234 1438 1415 1502 nobis
1452 1451 1780 1527 protector
1817 1452 1882 1505 et
1911 1434 2337 1529 propugnator
2363 1455 2600 1530 praesto

566 1559 683 1613 est.
733 1545 1123 1633 Reputemns
1157 1542 1366 1608 animo
1401 1543 1608 1631 ipsum
1647 1568 1935 1633 quoque,
1981 1547 2232 1637 quaudo
2265 1550 2612 1636 pertransi-

565 1655 658 1719 vit
705 1654 828 1718 hoc
876 1653 1225 1724 saeculum,
1273 1652 1633 1738 opprobriis
1679 1665 2068 1729 oneratum,
2116 1652 2603 1742 impugnatum,

567 1760 859 1832 irrisum,
891 1755 1210 1873 denique
1194 1754 1605 1840 ignominiosa
1630 1768 1835 1820 morte
1865 1781 1981 1845 per
2007 1780 2268 1824 crucem
2302 1782 2619 1851 consui-5

563 1876 806 1927 matum
843 1882 997 1924 esse.
2560 1866 2597 1943 ’,Ξ

643 1963 857 2031 ‘XVIL
911 1963 978 2027 Si
1003 1961 1386 2026 voluerimus
1410 1984 1667 2028 omnem
1693 1966 2098 2032 afflictionem
2125 1983 2191 2036 et
2223 1973 2591 2041 tentationes

562 2070 868 2137 sustinere
901 2065 1113 2139 facile,
1156 2088 1326 2131 mors
1347 2079 1613 2156 propter
1653 2070 1981 2137 Christum
2009 2088 2274 2163 optetur
2311 2103 2343 2144 a
2376 2081 2553 2146 nobis
2575 2128 2599 2156 ‚

559 2190 622 2242 et
651 2174 702 2240 is
733 2194 962 2262 scopus
991 2171 1116 2236 voti
1149 2173 1347 2237 nostri
1370 2173 1743 2240 obversetur
1773 2191 2082 2268 perpetuo
2100 2183 2341 2267 ⁴mentis
2369 2198 2602 2252 nostrae

564 2280 782 2346 oculis.
833 2279 906 2343 ld
933 2275 1165 2366 quippe
1195 2289 1292 2342 est
1332 2279 1516 2343 nobis
1545 2295 1974 2377 praeceptum,
2023 2297 2094 2348 ut
2130 2289 2418 2353 tollamus
2445 2313 2605 2355 crn-

564 2407 707 2452 cem
735 2396 1017 2451 nostram
1045 2394 1111 2447 et
1143 2405 1483 2472 sequamur
1513 2386 1759 2481 ipsum;
1802 2391 1974 2476 quod
2009 2390 2312 2479 significat
2335 2410 2603 2480 paratos

568 2517 683 2559 nos
715 2515 850 2558 esse
873 2491 1107 2555 debere
1130 2494 1210 2557 ad
1234 2493 1658 2558 moriendum.
1692 2493 1759 2558 si
1784 2495 1874 2560 sic
1900 2496 2108 2563 affecti
2136 2500 2593 2585 praeparatique

567 2598 779 2662 animo
815 2595 1152 2670 fuerimuS,
1192 2618 1447 2660 omnem
1469 2645 1487 2670 ,
1523 2609 1596 2660 ut
1624 2599 1870 2665 dictum
1909 2616 2039 2679 cst,
2071 2600 2457 2668 affiictionem
2480 2597 2598 2666 in?—

561 2718 806 2766 tnmam
838 2711 902 2764 et
951 2710 1358 2786 apparentem
1393 2700 1691 2768 facilitate
1727 2707 2118 2793 perferemus
2150 2728 2393 2795 magna.
2427 2705 2602 2775 Mori

558 2806 726 2868 enim
761 2803 978 2887 utique
1010 2822 1124 2889 pro
1159 2801 1411 2869 Christo
1442 2807 1737 2895 cupiens,
1768 2833 1909 2896 quae
1948 2813 2207 2876 tandem
2234 2835 2399 2900 aegre
2430 2811 2597 2878 ferre

556 2909 810 2971 adversa
852 2905 952 2969 vel
990 2900 1255 2972 molesta
1293 2912 1576 2997 poterit?
1600 2913 1700 2978 01»
1722 2914 1856 2976 hoc
1908 2913 2117 2997 ipsum
2157 2915 2327 2976 enim
2372 2939 2594 3002 graves

556 3034 690 3074 esse
716 3021 1013 3101 putamus
1039 3009 1433 3092 afflictiones,
1453 3016 1600 3101 quia
1624 3015 1805 3079 nobis
1824 3036 1951 3077 non
1974 3015 2180 3098 placet
2194 3017 2588 3101 prochristo

556 3116 716 3179 mori
748 3164 765 3192 ,
813 3139 933 3182 nec
966 3139 1106 3207 spes
1145 3142 1215 3184 ac
1251 3121 1522 3185 rationes
1559 3130 1800 3181 nostras
1832 3138 1907 3179 ex
1939 3139 2017 3180 eo
2049 3119 2288 3188 ducere
2319 3105 2597 3215 suspen-i

551 3233 670 3292 ns,
705 3220 833 3301 Qui
856 3244 1005 3288 vero
1042 3222 1360 3287 Christum
1382 3219 1732 3306 possidere,
1767 3230 1985 3287 ettam
2018 3225 2301 3312 opimam
2320 3228 2607 3314 haeredi-i,

551 3340 748 3394 tutem
791 3327 1103 3396 desiderat
1145 3344 1405 3387 cernere
1426 3367 1444 3394 ,
1494 3320 1632 3406 ejus
1678 3345 1936 3415 quoque
1985 3325 2218 3396 imitari
2260 3333 2617 3422 passion&

545 3432 836 3499 similiter
872 3424 1292 3510 concupiscat.
1346 3424 1562 3503 Quare
1596 3427 1705 3540 qui
1750 3453 1817 3496 se
1862 3431 2083 3501 dicunt
2116 3459 2325 3504 amare
2363 3440 2617 3506 Domi-

546 3560 736 3609 num,
772 3533 834 3597 in
866 3549 943 3594 co
975 3527 1545 3608 demonstrabunt,
1586 3556 1670 3599 an
1694 3557 1840 3602 vere
1877 3539 1943 3606 id
1973 3541 2310 3617 affirment,
2342 3544 2395 3607 si
2422 3551 2589 3609 omn

541 3664 689 3710 nem
715 3634 861 3724 ipsis
890 3633 1442 3724 supervenientem
1468 3639 1874 3710 afflictionem
1898 3671 2025 3713 non
2040 3631 2569 3738 generose'modo.

543 3749 655 3813 sed
682 3742 956 3811 libenter
987 3742 1179 3810 etiam
1220 3755 1287 3811 et
1318 3759 1625 3874 amanter,
1663 3748 1747 3815 ob
1782 3774 1959 3842 spem
1999 3754 2065 3821 in
2042 3755 2228 3896 ipso
2258 3756 2591 3898 positam,

532 3849 875 4076 '⁶3³5th
899 3952 1104 4036 Eum,
1143 3955 1255 4047 qui
1293 3958 1376 4031 ad
1413 3959 1741 4037 Christum
1786 3971 2097 4054 accessit,
2133 3983 2387 4065 oportet
2422 3982 2572 4041 anta
