2982 4885
601 467 733 542 388
1278 487 1327 530 s.
1379 486 1643 533 uscsnu
1689 485 1957 541 aternu

598 608 721 676 sibi
747 604 1147 695 quantumin
1182 603 1332 692 ipsis
1351 617 1451 670 est
1468 654 1486 681 ,
1506 626 1816 694 pauperes
1836 604 2133 671 videntur
2152 604 2331 691 juxta
2361 604 2638 674 divinam

597 715 987 804 Scriptorum
1018 736 1034 776 z
1076 738 1101 772 ι
1123 710 1256 791 Qui
1300 712 1501 777 edunt
1532 733 1667 786 me,
1702 709 1911 776 adhuc
1939 709 2254 786 esurientg
2294 723 2363 777 et
2396 712 2507 800 qui
2533 713 2635 780 bi-

592 821 802 889 »bunt
830 842 972 894 me,
1010 816 1217 883 adhuc
1249 815 1527 883 sitient¹.
1561 844 1586 876 ι

675 922 918 992 XXVI.
972 924 1154 991 Tales
1189 901 1412 986 animle
1440 934 1505 987 et
1529 922 1795 1010 gratiam
1816 921 2141 1009 accipiunt
2165 920 2373 1008 plenae
2404 923 2631 988 libera-

595 1032 782 1098 tionis
825 1054 859 1095 a
905 1028 1487 1119 perturbationibus
1534 1026 1908 1100 affectuum5
1953 1039 2018 1092 et
2060 1026 2531 1093 illustrationem
2561 1042 2633 1093 et

594 1135 1114 1203 communionem
1159 1131 1354 1199 divini
1392 1132 1664 1220 Spiritus
1707 1132 1770 1197 in
1809 1131 2204 1219 plenitudine
2240 1134 2451 1221 gratim
2481 1156 2627 1222 per·

595 1241 760 1307 secte
791 1250 1231 1326 assequuntur.
1265 1238 1541 1302 Diversae
1565 1250 1775 1303 autem
1801 1237 1880 1301 ab
1914 1236 2042 1311 his,
2082 1236 2297 1325 pigrae,
2332 1238 2633 1302 laborum

593 1345 1019 1435 impatientes,
1053 1366 1183 1408 non
1208 1355 1501 1429 quaertmt
1533 1340 2098 1409 sanctificationem
2130 1339 2536 1425 cordis-(unde
2559 1356 2633 1407 et

594 1452 774 1539 quasi
805 1451 871 1516 in
910 1472 1101 1515 carne
1134 1448 1340 1514 adbuc
1374 1448 1698 1534 exi-stunt)
1728 1469 1855 1513 non
1879 1470 1957 1512 ex
1980 1459 2158 1535 parte
2180 1447 2295 1512 sed
2322 1446 2634 1534 integram

594 1579 712 1646 per
740 1554 1273 1646 perseverantiam
1294 1567 1359 1619 et
1376 1554 1743 1642 patientiam
1765 1553 2048 1641 recipere
2062 1576 2081 1627 ς
2101 1574 2241 1639 qum
2259 1573 2466 1639 neque
2498 1575 2637 1640 spe-

594 1675 739 1728 rant
767 1662 1063 1727 omnibus
1105 1658 1391 1725 sensibus
1435 1671 1500 1723 et
1545 1661 1729 1747 plena
1772 1657 2005 1724 fiducia
2042 1657 2252 1723 cordis
2297 1656 2630 1745 participes

592 1768 862 1857 Spiritus
904 1767 1209 1835 Paracleti
1246 1765 1419 1841 fieri,
1460 1787 1703 1853 perque
1736 1765 1943 1854 ipsum
1986 1788 2020 1829 a
2050 1764 2631 1853 perturbationibus

589 1873 842 1940 malitiae
871 1871 1160 1944 liberari,
1190 1871 1339 1937 licet
1368 1872 1636 1958 gratiam
1676 1870 1950 1936 divinam
1990 1869 2235 1959 adeptae
2270 1871 2412 1937 sint.
2442 1870 2560 1937 Sed
2587 1894 2625 1937 a

590 1975 822 2042 malitia
860 1974 1056 2038 illusae
1097 1995 1354 2041 omnem
1385 1973 1882 2040 sollicitudinem
1906 1973 2284 2052 remittunt,
2315 1978 2497 2043 veluti
2520 2000 2621 2043 re—

591 2077 875 2171 ceperint
900 2077 1030 2166 jam
1049 2078 1334 2168 gratiam,
1363 2091 1455 2153 et,
1482 2101 1624 2166 quae
1646 2102 1725 2145 ex
1749 2079 1882 2167 ipsa
1904 2078 2070 2154 fluit,
2095 2083 2624 2179 ¹consolationem,

590 2199 655 2251 et
690 2184 1000 2275 spirituali
1031 2185 1367 2255 dulcedine
1397 2186 1824 2276 perfruantur.
1869 2187 2052 2252 Unde
2083 2200 2149 2253 et
2169 2188 2383 2254 faciles
2425 2190 2487 2255 in
2533 2198 2627 2253 tu-

592 2313 840 2357 morem
864 2291 1095 2357 mentis
1118 2290 1406 2356 incidunt
1425 2343 1442 2369 ,
1466 2315 1595 2358 non
1623 2292 1912 2357 contritae
1935 2293 2130 2358 corde
2146 2342 2164 2369 ‚
2190 2316 2308 2359 nec
2328 2295 2633 2367 sitientes,

591 2420 715 2465 nee
740 2396 1106 2465 anhelantes
1140 2396 1221 2463 ad
1254 2397 1602 2486 perfectam
1637 2397 2038 2464 extinctionis
2076 2396 2411 2464 affectuum
2445 2420 2639 2463 meu-

594 2526 844 2578 suram3
879 2505 1354 2592 acquiescentes
1396 2503 1619 2591 exigua
1661 2503 1781 2569 hac
1814 2504 2028 2592 gratiae
2067 2502 2518 2572 consolatione,-
2558 2517 2639 2566 et

597 2610 797 2697 magis
835 2607 900 2673 iu
947 2609 1323 2682 elationem,
1372 2631 1565 2695 quam
1612 2610 1678 2673 in
1723 2610 2147 2678 humilitatem
2187 2606 2585 2699 proficientes
2616 2659 2637 2685 ,

597 2715 769 2780 unde
795 2724 862 2782 et
902 2712 1101 2799 gratia
1133 2711 1376 2799 potius,
1421 2736 1614 2801 quam
1638 2717 1967 2783 consecuti
2000 2730 2219 2793 erant,
2258 2714 2635 2804 spoliantur.

602 2818 742 2886 Non
779 2819 869 2883 sic
914 2839 1059 2881 vere
1095 2817 1215 2883 Dei
1259 2839 1476 2883 amans
1511 2821 1756 2897 anima,
1801 2833 1869 2885 ut
1898 2823 2263 2907 praecedens
2299 2821 2645 2887 declaravit

602 2944 843 2998 sermm
885 2923 1353 3010 quantumlibet
1390 2924 1561 2991 enim
1586 2924 1936 2990 innumeris
1970 2944 2036 2985 se
2058 2925 2637 2992 commendabilem
2700 2999 2717 3014 ,

601 3028 823 3096 feeerit
859 3029 1084 3095 officiis
1121 3031 1464 3103 virtutum
1505 3028 1748 3094 etiamsi
1797 3025 2114 3089 acerrimis
2147 3025 2374 3113 vigiliis
2406 3052 2637 3120 corpus

603 3134 960 3213 extriverit3
1005 3150 1348 3222 utcumque
1374 3132 1552 3195 donis
1576 3128 1845 3213 Spiritus
1868 3128 2114 3215 magnis
2129 3143 2193 3194 et
2213 3134 2643 3210 variis,etiam

487 3299 500 3312 .
605 3241 1061 3308 revelationum
1078 3250 1142 3303 et
1165 3231 1558 3300 communica
1570 3228 1754 3294 tionis
1768 3233 2223 3318 mysteriorum
2242 3237 2430 3305 suerit
2448 3241 2642 3328 digna

602 3346 818 3422 habita
831 3372 850 3419 ς
885 3345 962 3407 de
998 3366 1063 3405 se
1096 3353 1303 3403 tamen
1342 3334 1498 3398 adeo
1525 3334 1717 3400 sentit
1748 3336 2034 3413 modice.
2079 3353 2151 3406 ut
2196 3342 2314 3408 sibi
2350 3344 2643 3409 videatur

599 3473 682 3516 ne
711 3450 1138 3515 rudimentum
1159 3442 1416 3528 quidem
1435 3440 1650 3509 adhuc
1676 3466 1917 3532 ponere
1940 3446 2207 3536 coepisse
2234 3450 2369 3515 vitoe
2397 3472 2647 3517 secun-

601 3553 774 3627 dum,
795 3549 1000 3614 Deum
1028 3558 1217 3613 rectoe
1247 3572 1262 3611 ε
1300 3549 1631 3617 οοᾶιιωεο
1652 3548 1975 3638 possidere
2008 3554 2203 3619 ullam
2235 3555 2645 3642 praestantia--

598 3675 744 3722 rum
783 3654 847 3721 in
891 3651 990 3720 via
1035 3653 1307 3744 Spiritus
1344 3654 1612 3720 aestimet
1642 3655 1923 3732 dotium:
1962 3670 2092 3725 tota
2140 3659 2387 3727 interim
2430 3659 2642 3729 vehe-

598 3760 800 3828 menti
832 3757 1155 3828 cbaritatis
1189 3761 1331 3827 nisu
1362 3758 1439 3824 ad
1471 3759 1798 3829 Christum
1826 3762 2263 3832 insatiabiliter
2288 3764 2640 3851 amandum

595 3864 991 3932 incumbens.

661 4015 676 4041 ⁸
701 4002 852 4056 Eccli.
879 4018 1014 4063 xxw,
1043 4019 1120 4070 ⁸9·
