<?xml version="1.0" encoding="UTF-8"?>
<!DOCTYPE html PUBLIC "-//W3C//DTD XHTML 1.0 Transitional//EN"
    "http://www.w3.org/TR/xhtml1/DTD/xhtml1-transitional.dtd">
<html xmlns="http://www.w3.org/1999/xhtml" xml:lang="en" lang="en">
 <head>
  <title>
</title>
<meta http-equiv="Content-Type" content="text/html;charset=utf-8" />
  <meta name='ocr-system' content='tesseract 3.04.00' />
  <meta name='ocr-capabilities' content='ocr_page ocr_carea ocr_par ocr_line ocrx_word'/>
</head>
<body>
  <div class='ocr_page' id='page_1' title='image "./sanctorummacari00egypgoog_0270.png"; bbox 0 0 2982 4885; ppageno 0'>
   <div class='ocr_carea' id='block_1_1' title="bbox 654 522 2013 607">
    <p class='ocr_par' dir='ltr' id='par_1_1' title="bbox 654 522 2013 607">
     <span class='ocr_line' id='line_1_1' title="bbox 654 522 2013 607; baseline -0.003 -16"><span class='ocrx_word' id='word_1_1' title='bbox 654 522 785 603; x_wconf 72' lang='lat'><strong>234</strong></span> <span class='ocrx_word' id='word_1_2' title='bbox 1146 586 1160 607; x_wconf 29' lang='lat' dir='ltr'>x</span> <span class='ocrx_word' id='word_1_3' title='bbox 1331 543 1385 587; x_wconf 84' lang='lat' dir='ltr'><strong>s.</strong></span> <span class='ocrx_word' id='word_1_4' title='bbox 1437 540 1701 590; x_wconf 71' lang='lat' dir='ltr'><strong>uacum</strong></span> <span class='ocrx_word' id='word_1_5' title='bbox 1746 540 2013 589; x_wconf 62' lang='lat' dir='ltr'><strong>zerra-11</strong></span> 
     </span>
    </p>
   </div>
   <div class='ocr_carea' id='block_1_2' title="bbox 624 646 2670 1170">
    <p class='ocr_par' dir='ltr' id='par_1_2' title="bbox 630 646 2670 936">
     <span class='ocr_line' id='line_1_2' title="bbox 639 646 2670 748; baseline 0.002 -22"><span class='ocrx_word' id='word_1_6' title='bbox 639 661 809 727; x_wconf 89' lang='lat' dir='ltr'><strong>enim</strong></span> <span class='ocrx_word' id='word_1_7' title='bbox 834 658 1023 724; x_wconf 89' lang='lat' dir='ltr'><strong>alitur</strong></span> <span class='ocrx_word' id='word_1_8' title='bbox 1046 656 1283 733; x_wconf 84' lang='lat' dir='ltr'><strong>anima,</strong></span> <span class='ocrx_word' id='word_1_9' title='bbox 1308 656 1420 723; x_wconf 78' lang='lat' dir='ltr'><strong>uhi</strong></span> <span class='ocrx_word' id='word_1_10' title='bbox 1445 680 1697 748; x_wconf 88' lang='lat' dir='ltr'><strong>quoque</strong></span> <span class='ocrx_word' id='word_1_11' title='bbox 1722 655 1853 724; x_wconf 89' lang='lat' dir='ltr'><strong>edit</strong></span> <span class='ocrx_word' id='word_1_12' title='bbox 1874 658 2002 724; x_wconf 86' lang='lat' dir='ltr'><strong>sive</strong></span> <span class='ocrx_word' id='word_1_13' title='bbox 2028 652 2106 724; x_wconf 86' lang='lat' dir='ltr'><strong>de</strong></span> <span class='ocrx_word' id='word_1_14' title='bbox 2121 646 2245 724; x_wconf 71' lang='lat' dir='ltr'><strong>hoc</strong></span> <span class='ocrx_word' id='word_1_15' title='bbox 2265 651 2522 734; x_wconf 78' lang='lat' dir='ltr'><strong>saeculo,</strong></span> <span class='ocrx_word' id='word_1_16' title='bbox 2548 657 2670 731; x_wconf 61' lang='lat' dir='ltr'><strong>sivi</strong></span> 
     </span>
     <span class='ocr_line' id='line_1_3' title="bbox 635 760 2667 854; baseline 0 -22"><span class='ocrx_word' id='word_1_17' title='bbox 635 764 715 832; x_wconf 87' lang='lat' dir='ltr'><strong>de</strong></span> <span class='ocrx_word' id='word_1_18' title='bbox 748 762 992 854; x_wconf 80' lang='lat' dir='ltr'><strong>Spiritu</strong></span> <span class='ocrx_word' id='word_1_19' title='bbox 1025 762 1283 830; x_wconf 78' lang='lat' dir='ltr'><strong>divino:</strong></span> <span class='ocrx_word' id='word_1_20' title='bbox 1324 774 1390 828; x_wconf 87' lang='lat' dir='ltr'><strong>ct</strong></span> <span class='ocrx_word' id='word_1_21' title='bbox 1420 762 1547 830; x_wconf 91' lang='lat' dir='ltr'><strong>illic</strong></span> <span class='ocrx_word' id='word_1_22' title='bbox 1577 763 1746 829; x_wconf 81' lang='lat' dir='ltr'><strong>Deus</strong></span> <span class='ocrx_word' id='word_1_23' title='bbox 1776 763 2084 838; x_wconf 87' lang='lat' dir='ltr'><strong>nutritur,</strong></span> <span class='ocrx_word' id='word_1_24' title='bbox 2118 760 2300 837; x_wconf 80' lang='lat' dir='ltr'><strong>vivit,</strong></span> <span class='ocrx_word' id='word_1_25' title='bbox 2335 762 2667 852; x_wconf 62' lang='lat' dir='ltr'><strong>requiescit</strong></span> 
     </span>
     <span class='ocr_line' id='line_1_4' title="bbox 630 881 1032 937; baseline -0.005 -1"><span class='ocrx_word' id='word_1_26' title='bbox 630 882 696 936; x_wconf 85' lang='lat' dir='ltr'><strong>et</strong></span> <span class='ocrx_word' id='word_1_27' title='bbox 719 881 1032 937; x_wconf 82' lang='lat' dir='ltr'><strong>versatur.</strong></span> 
     </span>
    </p>

    <p class='ocr_par' dir='ltr' id='par_1_3' title="bbox 624 966 2664 1170">
     <span class='ocr_line' id='line_1_5' title="bbox 711 966 2661 1065; baseline 0 -22"><span class='ocrx_word' id='word_1_28' title='bbox 711 974 818 1044; x_wconf 85' lang='lat' dir='ltr'><strong>vl.</strong></span> <span class='ocrx_word' id='word_1_29' title='bbox 877 976 1195 1045; x_wconf 73' lang='lat' dir='ltr'><strong>caeterum</strong></span> <span class='ocrx_word' id='word_1_30' title='bbox 1220 972 1515 1063; x_wconf 87' lang='lat' dir='ltr'><strong>quisque,</strong></span> <span class='ocrx_word' id='word_1_31' title='bbox 1545 973 1595 1041; x_wconf 86' lang='lat' dir='ltr'><strong>si</strong></span> <span class='ocrx_word' id='word_1_32' title='bbox 1618 970 1790 1051; x_wconf 87' lang='lat' dir='ltr'><strong>velit,</strong></span> <span class='ocrx_word' id='word_1_33' title='bbox 1815 966 2089 1065; x_wconf 84' lang='lat' dir='ltr'><strong>probare</strong></span> <span class='ocrx_word' id='word_1_34' title='bbox 2112 996 2179 1040; x_wconf 87' lang='lat' dir='ltr'><strong>se</strong></span> <span class='ocrx_word' id='word_1_35' title='bbox 2204 972 2413 1064; x_wconf 83' lang='lat' dir='ltr'><strong>ipsum</strong></span> <span class='ocrx_word' id='word_1_36' title='bbox 2434 986 2661 1064; x_wconf 84' lang='lat' dir='ltr'><strong>potest,</strong></span> 
     </span>
     <span class='ocr_line' id='line_1_6' title="bbox 624 1078 2664 1170; baseline 0 -23"><span class='ocrx_word' id='word_1_37' title='bbox 624 1083 799 1147; x_wconf 83' lang='lat' dir='ltr'><strong>unde</strong></span> <span class='ocrx_word' id='word_1_38' title='bbox 833 1080 1178 1157; x_wconf 81' lang='lat' dir='ltr'><strong>nutriatur,</strong></span> <span class='ocrx_word' id='word_1_39' title='bbox 1211 1080 1322 1146; x_wconf 89' lang='lat' dir='ltr'><strong>ubi</strong></span> <span class='ocrx_word' id='word_1_40' title='bbox 1350 1080 1542 1156; x_wconf 83' lang='lat' dir='ltr'><strong>vivat,</strong></span> <span class='ocrx_word' id='word_1_41' title='bbox 1577 1093 1643 1146; x_wconf 90' lang='lat' dir='ltr'><strong>et</strong></span> <span class='ocrx_word' id='word_1_42' title='bbox 1668 1082 1836 1170; x_wconf 90' lang='lat' dir='ltr'><strong>apud</strong></span> <span class='ocrx_word' id='word_1_43' title='bbox 1866 1098 2023 1169; x_wconf 87' lang='lat' dir='ltr'><strong>quos</strong></span> <span class='ocrx_word' id='word_1_44' title='bbox 2047 1082 2255 1170; x_wconf 84' lang='lat' dir='ltr'><strong>degat,</strong></span> <span class='ocrx_word' id='word_1_45' title='bbox 2290 1091 2389 1155; x_wconf 81' lang='lat' dir='ltr'><strong>ut,</strong></span> <span class='ocrx_word' id='word_1_46' title='bbox 2412 1078 2664 1149; x_wconf 80' lang='lat' dir='ltr'><strong>ubihoc</strong></span> 
     </span>
    </p>
   </div>
   <div class='ocr_carea' id='block_1_3' title="bbox 618 1178 2783 1284">
    <p class='ocr_par' dir='ltr' id='par_1_4' title="bbox 618 1178 2783 1284">
     <span class='ocr_line' id='line_1_7' title="bbox 618 1178 2783 1284; baseline 0.001 -34"><span class='ocrx_word' id='word_1_47' title='bbox 618 1198 809 1275; x_wconf 89' lang='lat' dir='ltr'><strong>pacto</strong></span> <span class='ocrx_word' id='word_1_48' title='bbox 854 1183 1270 1262; x_wconf 80' lang='lat' dir='ltr'><strong>intellexerit,</strong></span> <span class='ocrx_word' id='word_1_49' title='bbox 1328 1192 1392 1252; x_wconf 87' lang='lat' dir='ltr'><strong>et</strong></span> <span class='ocrx_word' id='word_1_50' title='bbox 1434 1199 1803 1254; x_wconf 82' lang='lat' dir='ltr'><strong>accuratam</strong></span> <span class='ocrx_word' id='word_1_51' title='bbox 1851 1182 2255 1252; x_wconf 86' lang='lat' dir='ltr'><strong>discernendi</strong></span> <span class='ocrx_word' id='word_1_52' title='bbox 2303 1178 2666 1252; x_wconf 69' lang='lat' dir='ltr'><strong>facultatem</strong></span> <span class='ocrx_word' id='word_1_53' title='bbox 2759 1256 2783 1284; x_wconf 50' lang='grc'><strong>,</strong></span> 
     </span>
    </p>
   </div>
   <div class='ocr_carea' id='block_1_4' title="bbox 622 1286 2668 1488">
    <p class='ocr_par' dir='ltr' id='par_1_5' title="bbox 622 1286 2668 1488">
     <span class='ocr_line' id='line_1_8' title="bbox 623 1286 2666 1381; baseline 0 -25"><span class='ocrx_word' id='word_1_54' title='bbox 623 1303 1004 1357; x_wconf 80' lang='lat' dir='ltr'><strong>consecutus</strong></span> <span class='ocrx_word' id='word_1_55' title='bbox 1047 1288 1269 1367; x_wconf 74' lang='lat' dir='ltr'><strong>stierit,</strong></span> <span class='ocrx_word' id='word_1_56' title='bbox 1299 1298 1486 1369; x_wconf 64' lang='lat' dir='ltr'><strong>toto,</strong></span> <span class='ocrx_word' id='word_1_57' title='bbox 1533 1294 1614 1358; x_wconf 88' lang='lat' dir='ltr'><strong>ad</strong></span> <span class='ocrx_word' id='word_1_58' title='bbox 1656 1291 1721 1359; x_wconf 92' lang='lat' dir='ltr'><strong>id</strong></span> <span class='ocrx_word' id='word_1_59' title='bbox 1764 1286 1937 1381; x_wconf 76' lang='lat' dir='ltr'><strong>quod</strong></span> <span class='ocrx_word' id='word_1_60' title='bbox 1966 1292 2212 1358; x_wconf 87' lang='lat' dir='ltr'><strong>bonum</strong></span> <span class='ocrx_word' id='word_1_61' title='bbox 2255 1300 2386 1365; x_wconf 77' lang='lat' dir='ltr'><strong>est,</strong></span> <span class='ocrx_word' id='word_1_62' title='bbox 2427 1291 2666 1380; x_wconf 83' lang='lat' dir='ltr'><strong>impetu</strong></span> 
     </span>
     <span class='ocr_line' id='line_1_9' title="bbox 622 1390 2668 1488; baseline 0.001 -29"><span class='ocrx_word' id='word_1_63' title='bbox 622 1390 810 1482; x_wconf 85' lang='lat' dir='ltr'><strong>plene</strong></span> <span class='ocrx_word' id='word_1_64' title='bbox 856 1417 924 1462; x_wconf 91' lang='lat' dir='ltr'><strong>se</strong></span> <span class='ocrx_word' id='word_1_65' title='bbox 978 1395 1198 1485; x_wconf 69' lang='lat' dir='ltr'><strong>ipsunt</strong></span> <span class='ocrx_word' id='word_1_66' title='bbox 1233 1393 1458 1464; x_wconf 86' lang='lat' dir='ltr'><strong>tradat.</strong></span> <span class='ocrx_word' id='word_1_67' title='bbox 1515 1396 1781 1488; x_wconf 76' lang='lat' dir='ltr'><strong>Insuper</strong></span> <span class='ocrx_word' id='word_1_68' title='bbox 1832 1396 1998 1464; x_wconf 81' lang='lat' dir='ltr'><strong>inter</strong></span> <span class='ocrx_word' id='word_1_69' title='bbox 2048 1390 2433 1487; x_wconf 89' lang='lat' dir='ltr'><strong>precandum</strong></span> <span class='ocrx_word' id='word_1_70' title='bbox 2477 1407 2668 1485; x_wconf 68' lang='lat' dir='ltr'><strong>atque</strong></span> 
     </span>
    </p>
   </div>
   <div class='ocr_carea' id='block_1_5' title="bbox 500 1496 2665 1594">
    <p class='ocr_par' dir='ltr' id='par_1_6' title="bbox 500 1496 2665 1594">
     <span class='ocr_line' id='line_1_10' title="bbox 500 1496 2665 1594; baseline 0.003 -31"><span class='ocrx_word' id='word_1_71' title='bbox 500 1521 507 1528; x_wconf 94' lang='lat'>·</span> <span class='ocrx_word' id='word_1_72' title='bbox 622 1502 941 1568; x_wconf 89' lang='lat' dir='ltr'><strong>orandum</strong></span> <span class='ocrx_word' id='word_1_73' title='bbox 980 1500 1240 1570; x_wconf 79' lang='lat' dir='ltr'><strong>attende</strong></span> <span class='ocrx_word' id='word_1_74' title='bbox 1279 1496 1454 1569; x_wconf 88' lang='lat' dir='ltr'><strong>tihi</strong></span> <span class='ocrx_word' id='word_1_75' title='bbox 1435 1501 1592 1594; x_wconf 74' lang='lat' dir='ltr'><strong>upsi‚</strong></span> <span class='ocrx_word' id='word_1_76' title='bbox 1633 1505 1972 1571; x_wconf 77' lang='lat' dir='ltr'><strong>ohservans</strong></span> <span class='ocrx_word' id='word_1_77' title='bbox 2018 1498 2431 1593; x_wconf 82' lang='lat' dir='ltr'><strong>cogitationes</strong></span> <span class='ocrx_word' id='word_1_78' title='bbox 2468 1510 2665 1591; x_wconf 61' lang='lat' dir='ltr'><strong>atque⁴</strong></span> 
     </span>
    </p>
   </div>
   <div class='ocr_carea' id='block_1_6' title="bbox 603 1598 2674 3792">
    <p class='ocr_par' dir='ltr' id='par_1_7' title="bbox 606 1598 2674 3464">
     <span class='ocr_line' id='line_1_11' title="bbox 628 1598 2664 1697; baseline 0.001 -29"><span class='ocrx_word' id='word_1_79' title='bbox 628 1608 1030 1697; x_wconf 80' lang='lat' dir='ltr'><strong>operationes</strong></span> <span class='ocrx_word' id='word_1_80' title='bbox 1067 1610 1239 1673; x_wconf 91' lang='lat' dir='ltr'><strong>unde</strong></span> <span class='ocrx_word' id='word_1_81' title='bbox 1274 1606 1433 1684; x_wconf 90' lang='lat' dir='ltr'><strong>sint,</strong></span> <span class='ocrx_word' id='word_1_82' title='bbox 1479 1632 1513 1673; x_wconf 90' lang='lat' dir='ltr'><strong>a</strong></span> <span class='ocrx_word' id='word_1_83' title='bbox 1542 1609 1715 1684; x_wconf 85' lang='lat' dir='ltr'><strong>Deo,</strong></span> <span class='ocrx_word' id='word_1_84' title='bbox 1764 1632 1843 1674; x_wconf 90' lang='lat' dir='ltr'><strong>an</strong></span> <span class='ocrx_word' id='word_1_85' title='bbox 1877 1608 1956 1674; x_wconf 83' lang='lat' dir='ltr'><strong>ab</strong></span> <span class='ocrx_word' id='word_1_86' title='bbox 1999 1598 2407 1673; x_wconf 62' lang='lat' dir='ltr'><strong>adversario?</strong></span> <span class='ocrx_word' id='word_1_87' title='bbox 2435 1614 2499 1673; x_wconf 90' lang='lat' dir='ltr'><strong>et</strong></span> <span class='ocrx_word' id='word_1_88' title='bbox 2528 1600 2664 1694; x_wconf 70' lang='lat' dir='ltr'><strong>qui‘s</strong></span> 
     </span>
     <span class='ocr_line' id='line_1_12' title="bbox 620 1697 2666 1797; baseline 0.001 -24"><span class='ocrx_word' id='word_1_89' title='bbox 620 1704 904 1797; x_wconf 65' lang='lat' dir='ltr'><strong>praebeat</strong></span> <span class='ocrx_word' id='word_1_90' title='bbox 943 1710 1314 1773; x_wconf 81' lang='lat' dir='ltr'><strong>alimentum</strong></span> <span class='ocrx_word' id='word_1_91' title='bbox 1350 1698 1566 1783; x_wconf 77' lang='lat' dir='ltr'><strong>cordi,</strong></span> <span class='ocrx_word' id='word_1_92' title='bbox 1603 1708 1949 1782; x_wconf 84' lang='lat' dir='ltr'><strong>Dominus,</strong></span> <span class='ocrx_word' id='word_1_93' title='bbox 1984 1731 2064 1771; x_wconf 85' lang='lat' dir='ltr'><strong>an</strong></span> <span class='ocrx_word' id='word_1_94' title='bbox 2095 1709 2414 1796; x_wconf 79' lang='lat' dir='ltr'><strong>principes</strong></span> <span class='ocrx_word' id='word_1_95' title='bbox 2443 1697 2666 1776; x_wconf 76' lang='lat' dir='ltr'><strong>mundi</strong></span> 
     </span>
     <span class='ocr_line' id='line_1_13' title="bbox 619 1804 2669 1896; baseline 0.002 -23"><span class='ocrx_word' id='word_1_96' title='bbox 619 1814 685 1874; x_wconf 85' lang='lat' dir='ltr'><strong>e&#39;t</strong></span> <span class='ocrx_word' id='word_1_97' title='bbox 732 1811 944 1873; x_wconf 82' lang='lat' dir='ltr'><strong>saeculi</strong></span> <span class='ocrx_word' id='word_1_98' title='bbox 985 1806 1233 1894; x_wconf 78' lang='lat' dir='ltr'><strong>huj&#39;usi&#39;</strong></span> <span class='ocrx_word' id='word_1_99' title='bbox 1268 1808 1459 1886; x_wconf 89' lang='lat' dir='ltr'><strong>Quod</strong></span> <span class='ocrx_word' id='word_1_100' title='bbox 1505 1809 1617 1874; x_wconf 88' lang='lat' dir='ltr'><strong>ubi</strong></span> <span class='ocrx_word' id='word_1_101' title='bbox 1655 1804 2017 1896; x_wconf 82' lang='lat' dir='ltr'><strong>probaveris</strong></span> <span class='ocrx_word' id='word_1_102' title='bbox 2058 1821 2123 1872; x_wconf 92' lang='lat' dir='ltr'><strong>et</strong></span> <span class='ocrx_word' id='word_1_103' title='bbox 2161 1813 2576 1894; x_wconf 85' lang='lat' dir='ltr'><strong>cognoveris,</strong></span> <span class='ocrx_word' id='word_1_104' title='bbox 2628 1828 2669 1878; x_wconf 85' lang='lat' dir='ltr'><strong>o</strong></span> 
     </span>
     <span class='ocr_line' id='line_1_14' title="bbox 618 1906 2674 1996; baseline 0.002 -21"><span class='ocrx_word' id='word_1_105' title='bbox 618 1907 848 1983; x_wconf 79' lang='lat' dir='ltr'><strong>anima,</strong></span> <span class='ocrx_word' id='word_1_106' title='bbox 885 1908 1054 1996; x_wconf 74' lang='lat' dir='ltr'><strong>pete*</strong></span> <span class='ocrx_word' id='word_1_107' title='bbox 1056 1932 1087 1971; x_wconf 89' lang='lat' dir='ltr'><strong>a</strong></span> <span class='ocrx_word' id='word_1_108' title='bbox 1118 1906 1392 1974; x_wconf 92' lang='lat' dir='ltr'><strong>Domino</strong></span> <span class='ocrx_word' id='word_1_109' title='bbox 1425 1933 1573 1974; x_wconf 91' lang='lat' dir='ltr'><strong>cum</strong></span> <span class='ocrx_word' id='word_1_110' title='bbox 1605 1913 1822 1977; x_wconf 88' lang='lat' dir='ltr'><strong>labore</strong></span> <span class='ocrx_word' id='word_1_111' title='bbox 1845 1920 1910 1975; x_wconf 89' lang='lat' dir='ltr'><strong>et</strong></span> <span class='ocrx_word' id='word_1_112' title='bbox 1941 1908 2251 1975; x_wconf 83' lang='lat' dir='ltr'><strong>desiderio</strong></span> <span class='ocrx_word' id='word_1_113' title='bbox 2276 1911 2497 1977; x_wconf 90' lang='lat' dir='ltr'><strong>cibum</strong></span> <span class='ocrx_word' id='word_1_114' title='bbox 2537 1929 2674 1979; x_wconf 71' lang='lat' dir='ltr'><strong>cm-</strong></span> 
     </span>
     <span class='ocr_line' id='line_1_15' title="bbox 614 2010 2663 2104; baseline 0.004 -26"><span class='ocrx_word' id='word_1_115' title='bbox 614 2016 862 2086; x_wconf 86' lang='lat' dir='ltr'><strong>lestem,</strong></span> <span class='ocrx_word' id='word_1_116' title='bbox 899 2022 963 2076; x_wconf 85' lang='lat' dir='ltr'><strong>et</strong></span> <span class='ocrx_word' id='word_1_117' title='bbox 996 2011 1460 2081; x_wconf 89' lang='lat' dir='ltr'><strong>incrementum</strong></span> <span class='ocrx_word' id='word_1_118' title='bbox 1486 2024 1673 2102; x_wconf 85' lang='lat' dir='ltr'><strong>atque</strong></span> <span class='ocrx_word' id='word_1_119' title='bbox 1703 2013 2135 2104; x_wconf 86' lang='lat' dir='ltr'><strong>operationem</strong></span> <span class='ocrx_word' id='word_1_120' title='bbox 2169 2010 2444 2090; x_wconf 85' lang='lat' dir='ltr'><strong>Christi,</strong></span> <span class='ocrx_word' id='word_1_121' title='bbox 2481 2012 2663 2103; x_wconf 78' lang='lat' dir='ltr'><strong>juxta</strong></span> 
     </span>
     <span class='ocr_line' id='line_1_16' title="bbox 614 2110 2659 2204; baseline 0.005 -25"><span class='ocrx_word' id='word_1_122' title='bbox 614 2116 679 2180; x_wconf 92' lang='lat' dir='ltr'><strong>id</strong></span> <span class='ocrx_word' id='word_1_123' title='bbox 710 2110 887 2204; x_wconf 88' lang='lat' dir='ltr'><strong>quod</strong></span> <span class='ocrx_word' id='word_1_124' title='bbox 915 2114 1159 2183; x_wconf 90' lang='lat' dir='ltr'><strong>dictum</strong></span> <span class='ocrx_word' id='word_1_125' title='bbox 1198 2131 1332 2186; x_wconf 82' lang='lat' dir='ltr'><strong>est:</strong></span> <span class='ocrx_word' id='word_1_126' title='bbox 1387 2144 1412 2180; x_wconf 68' lang='grc' dir='ltr'><em>α</em></span> <span class='ocrx_word' id='word_1_127' title='bbox 1444 2119 1671 2187; x_wconf 86' lang='lat' dir='ltr'><strong>Nostra</strong></span> <span class='ocrx_word' id='word_1_128' title='bbox 1709 2133 1921 2185; x_wconf 87' lang='lat' dir='ltr'><strong>autem</strong></span> <span class='ocrx_word' id='word_1_129' title='bbox 1955 2116 2350 2185; x_wconf 79' lang='lat' dir='ltr'><strong>conversatio</strong></span> <span class='ocrx_word' id='word_1_130' title='bbox 2386 2119 2453 2183; x_wconf 89' lang='lat' dir='ltr'><strong>in</strong></span> <span class='ocrx_word' id='word_1_131' title='bbox 2486 2120 2659 2189; x_wconf 71' lang='lat' dir='ltr'><strong>coelis</strong></span> 
     </span>
     <span class='ocr_line' id='line_1_17' title="bbox 611 2221 2657 2313; baseline 0.004 -31"><span class='ocrx_word' id='word_1_132' title='bbox 611 2247 637 2282; x_wconf 71' lang='lat' dir='ltr'>n</span> <span class='ocrx_word' id='word_1_133' title='bbox 657 2233 754 2286; x_wconf 88' lang='lat' dir='ltr'><strong>est</strong></span> <span class='ocrx_word' id='word_1_134' title='bbox 777 2221 798 2256; x_wconf 85' lang='lat'>¹</span> <span class='ocrx_word' id='word_1_135' title='bbox 834 2245 850 2288; x_wconf 89' lang='lat'>:</span> <span class='ocrx_word' id='word_1_136' title='bbox 885 2251 910 2285; x_wconf 69' lang='grc' dir='ltr'><strong>υ</strong></span> <span class='ocrx_word' id='word_1_137' title='bbox 960 2247 1089 2289; x_wconf 88' lang='lat' dir='ltr'><strong>non</strong></span> <span class='ocrx_word' id='word_1_138' title='bbox 1121 2236 1334 2291; x_wconf 88' lang='lat' dir='ltr'><strong>autem</strong></span> <span class='ocrx_word' id='word_1_139' title='bbox 1379 2226 1443 2290; x_wconf 89' lang='lat' dir='ltr'><strong>in</strong></span> <span class='ocrx_word' id='word_1_140' title='bbox 1475 2235 1628 2313; x_wconf 89' lang='lat' dir='ltr'><strong>typo</strong></span> <span class='ocrx_word' id='word_1_141' title='bbox 1668 2236 1733 2289; x_wconf 92' lang='lat' dir='ltr'><strong>et</strong></span> <span class='ocrx_word' id='word_1_142' title='bbox 1766 2222 2000 2312; x_wconf 82' lang='lat' dir='ltr'><strong>figura,</strong></span> <span class='ocrx_word' id='word_1_143' title='bbox 2046 2234 2119 2286; x_wconf 82' lang='lat' dir='ltr'><strong>nt</strong></span> <span class='ocrx_word' id='word_1_144' title='bbox 2151 2221 2412 2308; x_wconf 87' lang='lat' dir='ltr'><strong>quidam</strong></span> <span class='ocrx_word' id='word_1_145' title='bbox 2444 2226 2657 2291; x_wconf 78' lang='lat' dir='ltr'><strong>existi-</strong></span> 
     </span>
     <span class='ocr_line' id='line_1_18' title="bbox 609 2316 2655 2417; baseline 0.002 -26"><span class='ocrx_word' id='word_1_146' title='bbox 609 2326 811 2393; x_wconf 87' lang='lat' dir='ltr'><strong>mant.</strong></span> <span class='ocrx_word' id='word_1_147' title='bbox 848 2329 1016 2395; x_wconf 87' lang='lat' dir='ltr'><strong>Ecce</strong></span> <span class='ocrx_word' id='word_1_148' title='bbox 1055 2329 1228 2395; x_wconf 86' lang='lat' dir='ltr'><strong>enim</strong></span> <span class='ocrx_word' id='word_1_149' title='bbox 1273 2353 1497 2395; x_wconf 89' lang='lat' dir='ltr'><strong>eorum</strong></span> <span class='ocrx_word' id='word_1_150' title='bbox 1521 2379 1538 2403; x_wconf 93' lang='lat'><strong>,</strong></span> <span class='ocrx_word' id='word_1_151' title='bbox 1573 2330 1680 2417; x_wconf 91' lang='lat' dir='ltr'><strong>qui</strong></span> <span class='ocrx_word' id='word_1_152' title='bbox 1716 2328 1993 2417; x_wconf 87' lang='lat' dir='ltr'><strong>speciem</strong></span> <span class='ocrx_word' id='word_1_153' title='bbox 2025 2316 2272 2417; x_wconf 83' lang='lat' dir='ltr'><strong>pletatis</strong></span> <span class='ocrx_word' id='word_1_154' title='bbox 2304 2326 2508 2409; x_wconf 89' lang='lat' dir='ltr'><strong>solum</strong></span> <span class='ocrx_word' id='word_1_155' title='bbox 2540 2329 2655 2396; x_wconf 86' lang='lat' dir='ltr'><strong>ha·-</strong></span> 
     </span>
     <span class='ocr_line' id='line_1_19' title="bbox 609 2430 2653 2525; baseline 0.003 -27"><span class='ocrx_word' id='word_1_156' title='bbox 609 2432 810 2511; x_wconf 87' lang='lat' dir='ltr'><strong>bent,</strong></span> <span class='ocrx_word' id='word_1_157' title='bbox 856 2434 1104 2501; x_wconf 87' lang='lat' dir='ltr'><strong>animus</strong></span> <span class='ocrx_word' id='word_1_158' title='bbox 1137 2449 1324 2525; x_wconf 90' lang='lat' dir='ltr'><strong>atque</strong></span> <span class='ocrx_word' id='word_1_159' title='bbox 1370 2435 1731 2501; x_wconf 84' lang='lat' dir='ltr'><strong>intellectus</strong></span> <span class='ocrx_word' id='word_1_160' title='bbox 1768 2431 1986 2500; x_wconf 86' lang='lat' dir='ltr'><strong>similis</strong></span> <span class='ocrx_word' id='word_1_161' title='bbox 2027 2445 2124 2497; x_wconf 89' lang='lat' dir='ltr'><strong>est</strong></span> <span class='ocrx_word' id='word_1_162' title='bbox 2165 2430 2406 2499; x_wconf 89' lang='lat' dir='ltr'><strong>mundo</strong></span> <span class='ocrx_word' id='word_1_163' title='bbox 2441 2456 2455 2499; x_wconf 75' lang='grc' dir='ltr'><em>τ</em></span> <span class='ocrx_word' id='word_1_164' title='bbox 2504 2451 2653 2504; x_wconf 73' lang='lat' dir='ltr'><strong>ecce</strong></span> 
     </span>
     <span class='ocr_line' id='line_1_20' title="bbox 614 2538 2656 2613; baseline 0.002 -11"><span class='ocrx_word' id='word_1_165' title='bbox 614 2539 960 2602; x_wconf 87' lang='lat' dir='ltr'><strong>commotio</strong></span> <span class='ocrx_word' id='word_1_166' title='bbox 995 2553 1059 2603; x_wconf 90' lang='lat' dir='ltr'><strong>et</strong></span> <span class='ocrx_word' id='word_1_167' title='bbox 1087 2540 1421 2604; x_wconf 86' lang='lat' dir='ltr'><strong>fluctuatio</strong></span> <span class='ocrx_word' id='word_1_168' title='bbox 1460 2540 1798 2605; x_wconf 82' lang='lat' dir='ltr'><strong>voluntatis</strong></span> <span class='ocrx_word' id='word_1_169' title='bbox 1814 2561 2053 2613; x_wconf 80' lang='lat' dir='ltr'><strong>,eorum</strong></span> <span class='ocrx_word' id='word_1_170' title='bbox 2075 2588 2094 2613; x_wconf 99' lang='lat'><strong>,</strong></span> <span class='ocrx_word' id='word_1_171' title='bbox 2135 2538 2496 2605; x_wconf 86' lang='lat' dir='ltr'><strong>inconstans</strong></span> <span class='ocrx_word' id='word_1_172' title='bbox 2529 2542 2656 2606; x_wconf 88' lang='lat' dir='ltr'><strong>ani-</strong></span> 
     </span>
     <span class='ocr_line' id='line_1_21' title="bbox 613 2640 2646 2732; baseline 0.003 -28"><span class='ocrx_word' id='word_1_173' title='bbox 613 2661 796 2713; x_wconf 77' lang='lat' dir='ltr'><strong>muS,</strong></span> <span class='ocrx_word' id='word_1_174' title='bbox 846 2641 1182 2717; x_wconf 84' lang='lat' dir='ltr'><strong>timiditas,</strong></span> <span class='ocrx_word' id='word_1_175' title='bbox 1220 2655 1284 2706; x_wconf 89' lang='lat' dir='ltr'><strong>et</strong></span> <span class='ocrx_word' id='word_1_176' title='bbox 1329 2651 1578 2720; x_wconf 78' lang='lat' dir='ltr'><strong>mctuS,</strong></span> <span class='ocrx_word' id='word_1_177' title='bbox 1615 2646 1963 2708; x_wconf 88' lang='lat' dir='ltr'><strong>secundum</strong></span> <span class='ocrx_word' id='word_1_178' title='bbox 2009 2644 2182 2732; x_wconf 87' lang='lat' dir='ltr'><strong>quod</strong></span> <span class='ocrx_word' id='word_1_179' title='bbox 2226 2640 2469 2710; x_wconf 87' lang='lat' dir='ltr'><strong>dictum</strong></span> <span class='ocrx_word' id='word_1_180' title='bbox 2510 2657 2646 2728; x_wconf 68' lang='lat' dir='ltr'><strong>estg</strong></span> 
     </span>
     <span class='ocr_line' id='line_1_22' title="bbox 629 2739 2652 2837; baseline 0.007 -33"><span class='ocrx_word' id='word_1_181' title='bbox 629 2769 654 2804; x_wconf 72' lang='grc' dir='ltr'><strong>α</strong></span> <span class='ocrx_word' id='word_1_182' title='bbox 677 2739 750 2808; x_wconf 91' lang='lat' dir='ltr'><strong>In</strong></span> <span class='ocrx_word' id='word_1_183' title='bbox 778 2745 1061 2830; x_wconf 84' lang='lat' dir='ltr'><strong>angustia</strong></span> <span class='ocrx_word' id='word_1_184' title='bbox 1084 2758 1149 2809; x_wconf 92' lang='lat' dir='ltr'><strong>et</strong></span> <span class='ocrx_word' id='word_1_185' title='bbox 1178 2757 1454 2812; x_wconf 82' lang='lat' dir='ltr'><strong>tremore</strong></span> <span class='ocrx_word' id='word_1_186' title='bbox 1476 2748 1598 2814; x_wconf 90' lang='lat' dir='ltr'><strong>cris</strong></span> <span class='ocrx_word' id='word_1_187' title='bbox 1632 2773 1820 2837; x_wconf 86' lang='lat' dir='ltr'><strong>super</strong></span> <span class='ocrx_word' id='word_1_188' title='bbox 1850 2762 2083 2815; x_wconf 85' lang='lat' dir='ltr'><strong>terram</strong></span> <span class='ocrx_word' id='word_1_189' title='bbox 2116 2750 2139 2784; x_wconf 84' lang='lat'><strong>¹</strong></span> <span class='ocrx_word' id='word_1_190' title='bbox 2172 2772 2189 2816; x_wconf 76' lang='grc' dir='ltr'><strong><em>ε</em></strong></span> <span class='ocrx_word' id='word_1_191' title='bbox 2219 2778 2244 2811; x_wconf 69' lang='lat' dir='ltr'>n</span> <span class='ocrx_word' id='word_1_192' title='bbox 2286 2747 2652 2820; x_wconf 81' lang='lat' dir='ltr'><strong>infidelitate</strong></span> 
     </span>
     <span class='ocr_line' id='line_1_23' title="bbox 615 2847 2653 2947; baseline 0.005 -34"><span class='ocrx_word' id='word_1_193' title='bbox 615 2857 681 2914; x_wconf 93' lang='lat' dir='ltr'><strong>et</strong></span> <span class='ocrx_word' id='word_1_194' title='bbox 713 2847 1086 2914; x_wconf 77' lang='lat' dir='ltr'><strong>confusione</strong></span> <span class='ocrx_word' id='word_1_195' title='bbox 1114 2848 1432 2918; x_wconf 87' lang='lat' dir='ltr'><strong>fluxarum</strong></span> <span class='ocrx_word' id='word_1_196' title='bbox 1470 2852 1923 2943; x_wconf 82' lang='lat' dir='ltr'><strong>cogitationum</strong></span> <span class='ocrx_word' id='word_1_197' title='bbox 1949 2867 2185 2943; x_wconf 88' lang='lat' dir='ltr'><strong>quanto</strong></span> <span class='ocrx_word' id='word_1_198' title='bbox 2219 2865 2501 2944; x_wconf 84' lang='lat' dir='ltr'><strong>tempore</strong></span> <span class='ocrx_word' id='word_1_199' title='bbox 2529 2857 2653 2947; x_wconf 83' lang='lat' dir='ltr'><strong>agi·</strong></span> 
     </span>
     <span class='ocr_line' id='line_1_24' title="bbox 610 2952 2652 3048; baseline 0.007 -34"><span class='ocrx_word' id='word_1_200' title='bbox 610 2963 852 3046; x_wconf 80' lang='lat' dir='ltr'><strong>tantur,</strong></span> <span class='ocrx_word' id='word_1_201' title='bbox 891 2964 963 3018; x_wconf 89' lang='lat' dir='ltr'><strong>ut</strong></span> <span class='ocrx_word' id='word_1_202' title='bbox 984 2952 1211 3043; x_wconf 88' lang='lat' dir='ltr'><strong>reliqui</strong></span> <span class='ocrx_word' id='word_1_203' title='bbox 1237 2979 1457 3022; x_wconf 90' lang='lat' dir='ltr'><strong>omnes</strong></span> <span class='ocrx_word' id='word_1_204' title='bbox 1473 2956 1763 3024; x_wconf 89' lang='lat' dir='ltr'><strong>homines</strong></span> <span class='ocrx_word' id='word_1_205' title='bbox 1779 2984 1796 3034; x_wconf 85' lang='lat'><em>3</em></span> <span class='ocrx_word' id='word_1_206' title='bbox 1822 2960 2031 3048; x_wconf 89' lang='lat' dir='ltr'><strong>specie</strong></span> <span class='ocrx_word' id='word_1_207' title='bbox 2057 2961 2283 3034; x_wconf 89' lang='lat' dir='ltr'><strong>solum,</strong></span> <span class='ocrx_word' id='word_1_208' title='bbox 2308 2979 2433 3022; x_wconf 83' lang='lat' dir='ltr'><strong>non</strong></span> <span class='ocrx_word' id='word_1_209' title='bbox 2451 2957 2652 3028; x_wconf 84' lang='lat' dir='ltr'><strong>etiam</strong></span> 
     </span>
     <span class='ocr_line' id='line_1_25' title="bbox 609 3054 2654 3153; baseline 0.007 -36"><span class='ocrx_word' id='word_1_210' title='bbox 609 3054 801 3119; x_wconf 89' lang='lat' dir='ltr'><strong>animi</strong></span> <span class='ocrx_word' id='word_1_211' title='bbox 848 3057 1160 3123; x_wconf 88' lang='lat' dir='ltr'><strong>sententia</strong></span> <span class='ocrx_word' id='word_1_212' title='bbox 1196 3059 1502 3127; x_wconf 85' lang='lat' dir='ltr'><strong>dissident</strong></span> <span class='ocrx_word' id='word_1_213' title='bbox 1530 3064 1597 3128; x_wconf 92' lang='lat' dir='ltr'><strong>hi</strong></span> <span class='ocrx_word' id='word_1_214' title='bbox 1641 3088 1673 3127; x_wconf 88' lang='lat' dir='ltr'><strong>a</strong></span> <span class='ocrx_word' id='word_1_215' title='bbox 1708 3066 1994 3143; x_wconf 71' lang='lat' dir='ltr'><strong>mundo:</strong></span> <span class='ocrx_word' id='word_1_216' title='bbox 2030 3078 2093 3131; x_wconf 83' lang='lat' dir='ltr'><strong>et</strong></span> <span class='ocrx_word' id='word_1_217' title='bbox 2130 3085 2431 3153; x_wconf 87' lang='lat' dir='ltr'><strong>corporea</strong></span> <span class='ocrx_word' id='word_1_218' title='bbox 2465 3086 2654 3153; x_wconf 86' lang='lat' dir='ltr'><strong>pros-</strong></span> 
     </span>
     <span class='ocr_line' id='line_1_26' title="bbox 606 3160 2653 3250; baseline 0.006 -24"><span class='ocrx_word' id='word_1_219' title='bbox 606 3160 875 3250; x_wconf 79' lang='lat' dir='ltr'><strong>peritate</strong></span> <span class='ocrx_word' id='word_1_220' title='bbox 907 3163 1236 3230; x_wconf 80' lang='lat' dir='ltr'><strong>exterioris</strong></span> <span class='ocrx_word' id='word_1_221' title='bbox 1261 3164 1537 3232; x_wconf 88' lang='lat' dir='ltr'><strong>hominis</strong></span> <span class='ocrx_word' id='word_1_222' title='bbox 1552 3192 1570 3242; x_wconf 82' lang='lat'><em>3</em></span> <span class='ocrx_word' id='word_1_223' title='bbox 1601 3170 1790 3234; x_wconf 89' lang='lat' dir='ltr'><strong>corde</strong></span> <span class='ocrx_word' id='word_1_224' title='bbox 1813 3193 1962 3236; x_wconf 87' lang='lat' dir='ltr'><strong>vero</strong></span> <span class='ocrx_word' id='word_1_225' title='bbox 1986 3182 2049 3239; x_wconf 91' lang='lat' dir='ltr'><strong>et</strong></span> <span class='ocrx_word' id='word_1_226' title='bbox 2077 3167 2286 3235; x_wconf 88' lang='lat' dir='ltr'><strong>animo</strong></span> <span class='ocrx_word' id='word_1_227' title='bbox 2318 3169 2383 3235; x_wconf 90' lang='lat' dir='ltr'><strong>in</strong></span> <span class='ocrx_word' id='word_1_228' title='bbox 2407 3167 2653 3238; x_wconf 76' lang='lat' dir='ltr'><strong>mundo</strong></span> 
     </span>
     <span class='ocr_line' id='line_1_27' title="bbox 610 3261 2650 3358; baseline 0.005 -26"><span class='ocrx_word' id='word_1_229' title='bbox 610 3261 1084 3347; x_wconf 83' lang='lat' dir='ltr'><strong>distrahuntur,</strong></span> <span class='ocrx_word' id='word_1_230' title='bbox 1140 3282 1206 3335; x_wconf 91' lang='lat' dir='ltr'><strong>et</strong></span> <span class='ocrx_word' id='word_1_231' title='bbox 1250 3269 1490 3358; x_wconf 88' lang='lat' dir='ltr'><strong>laqueis</strong></span> <span class='ocrx_word' id='word_1_232' title='bbox 1527 3274 1825 3352; x_wconf 87' lang='lat' dir='ltr'><strong>terrenis,</strong></span> <span class='ocrx_word' id='word_1_233' title='bbox 1875 3288 1939 3342; x_wconf 90' lang='lat' dir='ltr'><strong>et</strong></span> <span class='ocrx_word' id='word_1_234' title='bbox 1988 3269 2307 3347; x_wconf 78' lang='lat' dir='ltr'><strong>inutilium·</strong></span> <span class='ocrx_word' id='word_1_235' title='bbox 2350 3283 2650 3343; x_wconf 79' lang='lat' dir='ltr'><strong>curarum</strong></span> 
     </span>
     <span class='ocr_line' id='line_1_28' title="bbox 607 3371 2647 3465; baseline 0.008 -28"><span class='ocrx_word' id='word_1_236' title='bbox 607 3373 1054 3461; x_wconf 87' lang='lat' dir='ltr'><strong>implicantur,</strong></span> <span class='ocrx_word' id='word_1_237' title='bbox 1113 3397 1337 3464; x_wconf 87' lang='lat' dir='ltr'><strong>pacem</strong></span> <span class='ocrx_word' id='word_1_238' title='bbox 1390 3377 1775 3445; x_wconf 90' lang='lat' dir='ltr'><strong>coelestem</strong></span> <span class='ocrx_word' id='word_1_239' title='bbox 1758 3406 1822 3447; x_wconf 87' lang='lat' dir='ltr'><strong>m</strong></span> <span class='ocrx_word' id='word_1_240' title='bbox 1868 3388 2059 3451; x_wconf 88' lang='lat' dir='ltr'><strong>corde</strong></span> <span class='ocrx_word' id='word_1_241' title='bbox 2105 3409 2236 3454; x_wconf 90' lang='lat' dir='ltr'><strong>non</strong></span> <span class='ocrx_word' id='word_1_242' title='bbox 2284 3371 2647 3465; x_wconf 82' lang='lat' dir='ltr'><strong>consecuti,</strong></span> 
     </span>
    </p>

    <p class='ocr_par' dir='ltr' id='par_1_8' title="bbox 603 3478 2650 3792">
     <span class='ocr_line' id='line_1_29' title="bbox 607 3478 2649 3583; baseline 0.009 -44"><span class='ocrx_word' id='word_1_243' title='bbox 607 3479 1150 3562; x_wconf 87' lang='lat' dir='ltr'><strong>quemadmodum</strong></span> <span class='ocrx_word' id='word_1_244' title='bbox 1182 3478 1387 3569; x_wconf 89' lang='lat' dir='ltr'><strong>inquit</strong></span> <span class='ocrx_word' id='word_1_245' title='bbox 1414 3480 1796 3572; x_wconf 89' lang='lat' dir='ltr'><strong>Apostolus.</strong></span> <span class='ocrx_word' id='word_1_246' title='bbox 1841 3515 1867 3549; x_wconf 74' lang='grc' dir='ltr'><strong>α</strong></span> <span class='ocrx_word' id='word_1_247' title='bbox 1896 3483 2024 3555; x_wconf 77' lang='lat' dir='ltr'><strong>Pax</strong></span> <span class='ocrx_word' id='word_1_248' title='bbox 2047 3490 2163 3558; x_wconf 89' lang='lat' dir='ltr'><strong>Dei</strong></span> <span class='ocrx_word' id='word_1_249' title='bbox 2187 3493 2458 3583; x_wconf 89' lang='lat' dir='ltr'><strong>palmam</strong></span> <span class='ocrx_word' id='word_1_250' title='bbox 2481 3491 2649 3558; x_wconf 77' lang='lat' dir='ltr'><strong>serat</strong></span> 
     </span>
     <span class='ocr_line' id='line_1_30' title="bbox 605 3580 2650 3680; baseline 0.009 -34"><span class='ocrx_word' id='word_1_251' title='bbox 605 3580 715 3647; x_wconf 80' lang='lat' dir='ltr'><strong>»in</strong></span> <span class='ocrx_word' id='word_1_252' title='bbox 748 3582 1049 3651; x_wconf 87' lang='lat' dir='ltr'><strong>cordibus</strong></span> <span class='ocrx_word' id='word_1_253' title='bbox 1080 3586 1341 3653; x_wconf 82' lang='lat' dir='ltr'><strong>vestris⁸</strong></span> <span class='ocrx_word' id='word_1_254' title='bbox 1365 3638 1384 3665; x_wconf 93' lang='lat'><strong>,</strong></span> <span class='ocrx_word' id='word_1_255' title='bbox 1420 3618 1445 3651; x_wconf 82' lang='lat'><strong>»</strong></span> <span class='ocrx_word' id='word_1_256' title='bbox 1493 3614 1630 3678; x_wconf 73' lang='lat' dir='ltr'><strong>quae</strong></span> <span class='ocrx_word' id='word_1_257' title='bbox 1667 3605 1921 3680; x_wconf 83' lang='lat' dir='ltr'><strong>regnat,</strong></span> <span class='ocrx_word' id='word_1_258' title='bbox 1959 3617 2032 3662; x_wconf 90' lang='lat' dir='ltr'><strong>ac</strong></span> <span class='ocrx_word' id='word_1_259' title='bbox 2062 3603 2331 3665; x_wconf 83' lang='lat' dir='ltr'><strong>renovat</strong></span> <span class='ocrx_word' id='word_1_260' title='bbox 2358 3587 2650 3665; x_wconf 70' lang='lat' dir='ltr'><strong>fidelium</strong></span> 
     </span>
     <span class='ocr_line' id='line_1_31' title="bbox 603 3683 2650 3792; baseline 0.009 -39"><span class='ocrx_word' id='word_1_261' title='bbox 603 3687 845 3753; x_wconf 87' lang='lat' dir='ltr'><strong>animos</strong></span> <span class='ocrx_word' id='word_1_262' title='bbox 880 3687 946 3754; x_wconf 89' lang='lat' dir='ltr'><strong>in</strong></span> <span class='ocrx_word' id='word_1_263' title='bbox 985 3683 1322 3761; x_wconf 85' lang='lat' dir='ltr'><strong>dilectione</strong></span> <span class='ocrx_word' id='word_1_264' title='bbox 1373 3687 1526 3771; x_wconf 90' lang='lat' dir='ltr'><strong>Dci,</strong></span> <span class='ocrx_word' id='word_1_265' title='bbox 1563 3701 1629 3760; x_wconf 89' lang='lat' dir='ltr'><strong>et</strong></span> <span class='ocrx_word' id='word_1_266' title='bbox 1670 3694 1845 3764; x_wconf 91' lang='lat' dir='ltr'><strong>omni</strong></span> <span class='ocrx_word' id='word_1_267' title='bbox 1884 3699 2293 3772; x_wconf 77' lang='lat' dir='ltr'><strong>fraternitate.</strong></span> <span class='ocrx_word' id='word_1_268' title='bbox 2334 3693 2551 3792; x_wconf 77' lang='lat' dir='ltr'><strong>Gloria</strong></span> <span class='ocrx_word' id='word_1_269' title='bbox 2582 3711 2650 3771; x_wconf 70' lang='lat' dir='ltr'><strong>et</strong></span> 
     </span>
    </p>
   </div>
   <div class='ocr_carea' id='block_1_7' title="bbox 608 3787 2635 3965">
    <p class='ocr_par' dir='ltr' id='par_1_9' title="bbox 608 3787 2635 3965">
     <span class='ocr_line' id='line_1_32' title="bbox 608 3787 2635 3965; baseline 0.01 -110"><span class='ocrx_word' id='word_1_270' title='bbox 608 3791 891 3965; x_wconf 50' lang='lat' dir='ltr'><strong>{doratio</strong></span> <span class='ocrx_word' id='word_1_271' title='bbox 939 3787 1145 3874; x_wconf 85' lang='lat' dir='ltr'><strong>Patri,</strong></span> <span class='ocrx_word' id='word_1_272' title='bbox 1199 3812 1265 3864; x_wconf 90' lang='lat' dir='ltr'><strong>et</strong></span> <span class='ocrx_word' id='word_1_273' title='bbox 1311 3795 1385 3866; x_wconf 88' lang='lat' dir='ltr'><strong>F</strong></span> <span class='ocrx_word' id='word_1_274' title='bbox 1367 3798 1508 3876; x_wconf 81' lang='lat'><em>1110</em></span> <span class='ocrx_word' id='word_1_275' title='bbox 1564 3810 1628 3866; x_wconf 84' lang='lat' dir='ltr'><strong>et</strong></span> <span class='ocrx_word' id='word_1_276' title='bbox 1681 3799 1943 3893; x_wconf 81' lang='lat' dir='ltr'><strong>Spiritui</strong></span> <span class='ocrx_word' id='word_1_277' title='bbox 1994 3821 2213 3876; x_wconf 85' lang='lat' dir='ltr'><strong>sancto</strong></span> <span class='ocrx_word' id='word_1_278' title='bbox 2265 3799 2333 3878; x_wconf 77' lang='lat' dir='ltr'><strong>in</strong></span> <span class='ocrx_word' id='word_1_279' title='bbox 2388 3800 2635 3879; x_wconf 67' lang='lat' dir='ltr'><strong>saeculd.</strong></span> 
     </span>
     <span class='ocr_line' id='line_1_33' title="bbox 666 3920 812 3964; baseline 0.021 -3"><span class='ocrx_word' id='word_1_280' title='bbox 666 3920 812 3964; x_wconf 90' lang='lat' dir='ltr'><strong>men</strong></span> 
     </span>
    </p>
   </div>
   <div class='ocr_carea' id='block_1_8' title="bbox 672 4025 2119 4110">
    <p class='ocr_par' dir='ltr' id='par_1_10' title="bbox 672 4025 2119 4110">
     <span class='ocr_line' id='line_1_34' title="bbox 672 4025 2119 4110; baseline 0.011 -25.459"><span class='ocrx_word' id='word_1_281' title='bbox 672 4032 901 4102; x_wconf 80' lang='lat' dir='ltr'><strong>¹1²hilip.</strong></span> <span class='ocrx_word' id='word_1_282' title='bbox 926 4052 1006 4099; x_wconf 82' lang='grc' dir='ltr'><strong>ω,</strong></span> <span class='ocrx_word' id='word_1_283' title='bbox 1032 4054 1113 4093; x_wconf 76' lang='lat' dir='ltr'><strong>ao.</strong></span> <span class='ocrx_word' id='word_1_284' title='bbox 1133 4065 1197 4078; x_wconf 97' lang='lat'><strong>—</strong></span> <span class='ocrx_word' id='word_1_285' title='bbox 1219 4050 1240 4077; x_wconf 81' lang='lat'>⁸</span> <span class='ocrx_word' id='word_1_286' title='bbox 1264 4037 1392 4094; x_wconf 79' lang='lat' dir='ltr'><strong>Gen.</strong></span> <span class='ocrx_word' id='word_1_287' title='bbox 1416 4055 1486 4103; x_wconf 76' lang='lat' dir='ltr'><strong>tv,</strong></span> <span class='ocrx_word' id='word_1_288' title='bbox 1513 4056 1591 4095; x_wconf 81' lang='lat' dir='ltr'><strong>u.</strong></span> <span class='ocrx_word' id='word_1_289' title='bbox 1610 4068 1674 4086; x_wconf 88' lang='lat'><strong>—-</strong></span> <span class='ocrx_word' id='word_1_290' title='bbox 1698 4044 1721 4083; x_wconf 78' lang='lat'>⁸</span> <span class='ocrx_word' id='word_1_291' title='bbox 1746 4025 1909 4098; x_wconf 72' lang='lat' dir='ltr'><strong>colos.</strong></span> <span class='ocrx_word' id='word_1_292' title='bbox 1932 4063 2012 4110; x_wconf 78' lang='grc' dir='ltr'><strong>ιιι,</strong></span> <span class='ocrx_word' id='word_1_293' title='bbox 2040 4043 2119 4100; x_wconf 70' lang='lat'><strong>25.</strong></span> 
     </span>
    </p>
   </div>
  </div>
 </body>
</html>
