2982 4885
870 417 909 448 θ

1085 549 1343 635 nonnas
1389 579 1566 636 xvm.
2224 574 2350 641 1¹53

309 679 804 772 aut‘sacultatcm
840 687 1093 768 dicendi
1129 728 1201 769 es
1230 701 1496 795 adeptus
1520 707 1711 784 „hsce
1746 709 2032 773 universa
2067 710 2345 798 abiicere

305 809 535 883 debes,
575 831 646 873 ac
680 830 795 896 pro
833 808 1031 873 nihilo
1071 811 1348 885 ducere,
1402 825 1472 876 ut
1505 811 1590 876 ita
1613 813 1820 901 possis
1853 836 2045 902 super
2076 817 2343 882 stultitia

190 973 199 982 .
299 913 768 1003 praedicationis
800 911 1133 989 aedificari.
1185 938 1325 1003 quae
1369 916 1628 1004 quidem
1666 918 2033 1006 praedicatio
2063 932 2161 985 est
2196 943 2343 985 vera

300 1019 605 1108 sapientia
629 1068 646 1101 ‚
676 1042 901 1084 carens
947 1032 1174 1086 ornatu
1213 1022 1557 1086 verborum
1582 1072 1597 1096 ,
1641 1024 1752 1087 sed
1794 1022 2056 1110 praedita
2106 1024 2348 1090 virtute

296 1147 413 1215 per
434 1137 720 1190 sanctam
754 1145 1012 1190 crucem
1042 1139 1367 1215 operante.
1403 1127 1619 1195 Gloria
1653 1125 2175 1196 consubstantiali
2205 1131 2258 1197 T
2261 1130 2346 1196 ri-

298 1230 482 1296 nitati
506 1228 571 1295 in
604 1231 851 1298 saecula.
884 1230 1111 1298 Amen.

294 1479 2126 1516 wvswtuxwmvwmmmwwmmwwwmmmmmwummmmuwm
2149 1477 2340 1515 samum·

961 1671 1361 1753 HOMILIA
1413 1686 1607 1754 XVII
1622 1690 1671 1758 Ι,

293 1909 410 1976 De
472 1903 807 1975 thesauro
863 1903 1422 1977 Chtvlstc'anorum
1444 1961 1465 1995 ,
1531 1905 1869 1977 videlicet
1932 1907 2210 1980 Christo
2266 1891 2342 1982 et'

385 2023 652 2118 Spiritu
685 2035 931 2090 sancto
947 2073 970 2106 ,
1009 2022 1228 2092 variis
1253 2019 1479 2092 modis·
1512 2046 1812 2093 ewercen
1820 2037 1889 2092 te.
1922 2047 2044 2095 eos
2059 2077 2080 2109 ,
2122 2040 2203 2096 ut
2234 2021 2337 2096 ad

376 2133 884 2232 perfectionem
903 2137 1352 2231 perveniant.

360 2373 429 2437 ·1.
485 2370 554 2436 Sr
585 2371 727 2458 quis
762 2372 828 2436 in
860 2372 984 2437 hoc
1012 2375 1255 2440 mundo
1291 2377 1471 2439 valde
1505 2380 1841 2463 opulentus
1877 2380 2003 2454 sit,
2045 2381 2341 2451 recondi-

295 2489 557 2564 tumque
618 2476 985 2540 thesaurum
1047 2475 1365 2563 possideat
1399 2526 1416 2552 ,
1476 2500 1592 2566 per
1637 2501 1783 2545 eum
1840 2494 2030 2568 atque
2087 2485 2333 2551 divitias

291 2584 529 2657 omnia,
557 2601 978 2669 quascumque
998 2580 1277 2656 libuerit,
1307 2583 1719 2671 consequitur
1755 2608 1770 2648 ε
1797 2596 1874 2677 et
1904 2608 2338 2676 quascumque

292 2688 562 2755 voluerit
586 2687 654 2753 in
688 2688 927 2751 mundo
959 2686 1404 2775 possessiones,
1436 2688 1677 2779 absque
1706 2690 1880 2755 om‘ni
1911 2691 2153 2766 labore.
2190 2692 2337 2758 the-

292 2817 479 2861 sauro
509 2818 624 2861 suo
660 2794 884 2869 fretus„
919 2793 1197 2859 cori-adit
1214 2818 1234 2869 ς
1271 2817 1347 2860 eo
1380 2797 1553 2882 quod
1584 2796 1722 2885 ejus
1754 2819 1874 2886 ope
1903 2820 2155 2864 omnem
2186 2823 2338 2888 pos-

288 2901 653 2975 sessionem,
686 2920 1159 2988 quamcumque
1192 2901 1484 2976 voluerit‚
1524 2901 1707 2968 facile
1739 2917 2189 2993 consequatur.
2221 2906 2329 2971 Sic

288 3007 394 3095 qui
434 3007 710 3096 primum
736 3016 802 3069 et
833 3016 978 3070 ante
1009 3005 1221 3070 omnia
1247 3019 1540 3093 quaerunt
1567 3029 1600 3071 a
1633 3008 1767 3074 Deo
1798 3023 1863 3076 et
1893 3009 2228 3077 inveniunt
2258 3035 2333 3077 ac

288 3124 766 3200 consequuntur
799 3112 1119 3177 coelestem
1141 3110 1504 3176 thesaurum
1526 3111 1819 3201 Spiritus,
1857 3115 2062 3203 ipsum
2085 3115 2330 3183 scilicet

286 3219 629 3285 Dominum
653 3266 669 3291 ,
704 3216 1102 3282 in-cordibus
1138 3217 1425 3295 illorum,
1461 3219 1550 3284 illi
1575 3228 1835 3286 omnem
1865 3221 2173 3310 justitiam
2207 3223 2336 3289 vir-

288 3338 530 3401 tutum,
577 3346 958 3412 omnemque
1000 3326 1459 3414 possessionem
1519 3326 1820 3395 bonitatis
1865 3340 2334 3416 praeceptorum

286 3431 574 3506 Domini,
609 3454 730 3520 ope
754 3424 922 3497 illius
948 3430 1252 3505 thesauri,
1289 3431 1400 3517 'qui
1431 3430 1642 3497 hoeret'
1662 3433 1725 3497 iu
1758 3432 1849 3513 eis
1880 3431 2160 3507 Christo,
2196 3454 2334 3520 per-

287 3534 531 3611 ficiunt,
565 3549 755 3625 atque
778 3536 918 3624 ejus
951 3558 1072 3622 ope
1105 3536 1392 3598 coelestes
1423 3533 1671 3600 divitias
1702 3539 2134 3601 accumulant.
2164 3537 2326 3604 Tho-

287 3641 457 3704 sauri
489 3643 658 3707 enim
698 3641 976 3707 coelestis
1018 3636 1338 3704 beneficio
1384 3658 1644 3703 omnem
1689 3639 1990 3703 virtutem
2036 3640 2332 3726 justitias,

285 3740 431 3810 freti
460 3744 639 3830 copia
673 3747 1032 3811 divitiarum
1067 3742 1489 3833 spiritualium
1514 3792 1531 3818 ,
1583 3765 1723 3829 quae
1755 3754 1903 3809 sunt
1935 3742 1998 3807 in
2030 3743 2104 3807 iis
2126 3790 2145 3817 ,
2181 3765 2336 3832 ope-

287 3855 532 3920 rantur,
575 3849 877 3934 nulloque
923 3849 1178 3937 negotio
1222 3870 1479 3915 omnem
1511 3846 1815 3934 justitiam
1851 3869 1925 3913 ac
1961 3849 2333 3918 mandatum

282 3949 579 4025 Domini,
616 3949 1020 4017 invisibilium
1042 3953 1414 4020 divitiarum
1446 3952 1663 4042 gratias
1686 4001 1702 4028 ,
1739 3974 1880 4040 quae
1909 3966 2007 4021 est
2043 3953 2107 4019 in
2147 3954 2329 4044 ipsis,

282 4075 437 4147 ope,
473 4054 704 4146 reipsa
736 4068 1065 4146 peragunt.
1096 4058 1315 4146 *Inquit
1354 4080 1504 4128 vero
1527 4071 1594 4128 et
1642 4056 1981 4148 Apostolus
2017 4079 2319 4149 quoque:
