2982 4885
645 550 775 623 250
1315 568 1365 611 s.
1419 546 1684 612 uacum
1727 557 1997 606 Μῖνι-ιι

722 686 798 754 11.
836 686 1173 777 Propterea
1192 683 1521 749 universus
1540 676 1770 745 chorus
1788 684 2153 740 sanctorum
2175 666 2664 756 Prophetarum,

634 795 1084 885 Apostolorum
1107 840 1124 866 ,
1157 803 1222 856 et
1254 790 1602 883 Martyrum
1634 783 1900 848 verbnm
1934 774 1998 844 ih
2026 768 2330 843 cordibus
2362 773 2490 838 suis
2526 792 2665 840 cus-

634 890 985 973 todierunt,
1015 898 1096 963 de
1124 892 1297 962 nulla
1328 917 1396 959 re
1426 888 1706 963 solliciti,
1734 884 1846 953 sed
1877 882 2294 974 despicientes
2323 878 2574 945 terrena
2604 880 2671 946 in

632 1006 931 1070 mandato
988 998 1260 1092 Spiritus
1304 996 1510 1064 sancti
1556 996 2045 1085 permanserunt
2081 1038 2101 1066 ,
2154 986 2452 1075 eligentes
2496 984 2674 1073 qued

629 1109 763 1175 Deo
796 1108 1058 1197 Spiritui
1088 1118 1338 1194 gratum
1369 1116 1434 1168 et
1466 1103 1711 1166 bonum
1740 1110 1877 1163 erat
1913 1119 1929 1160 z
1975 1116 2103 1159 non
2151 1092 2349 1157 verbo
2387 1092 2519 1156 solo
2561 1102 2678 1156 aut

633 1212 993 1302 cognitione
1025 1213 1193 1276 nuda
1215 1259 1233 1286 ,
1272 1209 1385 1274 sed
1417 1195 1609 1289 if'erbo
1648 1214 1710 1269 et
1735 1210 1960 1292 opere,
2000 1208 2071 1264 ae
2096 1198 2286 1261 rebus
2318 1194 2467 1284 ipsis
2502 1217 2517 1256 z
2552 1205 2671 1281 βω

635 1318 864 1383 divitiis
904 1317 1207 1405 eligentes
1249 1323 1728 1405 paupertatem,
1766 1329 1887 1428 pro
1921 1302 2117 1395 gloria
2155 1300 2469 1366 bonorum
2515 1320 2676 1363 con-

632 1435 948 1511 temptum
978 1472 996 1499 ,
1043 1443 1162 1510 pro
1209 1406 1530 1507 voluptate
1570 1413 1924 1487 miseriam,
1972 1409 2144 1473 unde
2189 1406 2378 1471 etiam
2416 1426 2532 1492 pro
2581 1402 2679 1466 ira

634 1526 1041 1591 dilectionem
1072 1548 1087 1587 :
1126 1524 1272 1588 odio
1298 1523 1467 1588 enim
1497 1528 1949 1609 prosequentes
1972 1535 2113 1601 quae
2136 1509 2417 1597 jucunda
2442 1504 2679 1570 suntin

639 1631 762 1697 hac
790 1631 914 1696 vita
940 1680 958 1707 ,
993 1652 1100 1695 eos
1121 1608 1242 1715 qui
1251 1627 1386 1693 haec
1414 1616 1816 1697 auferebant,
1847 1612 2282 1683 vehementius
2303 1602 2676 1699 diligeb'ant,

639 1747 945 1823 tanquam
983 1734 1364 1818 opitulantes
1395 1730 1513 1793 sibi
1550 1731 1628 1790 ad
1660 1744 1924 1809 scopum
1958 1721 2429 1804 attingendum,
2463 1711 2688 1804 prohi-

637 1835 752 1899 biti
793 1858 826 1896 a
852 1833 1212 1920 cognitione
1247 1829 1398 1892 boni
1430 1828 1704 1912 malique
1735 1846 1750 1885 ε
1791 1842 1998 1906 neque
2030 1820 2200 1882 enim
2232 1819 2437 1882 bonos
2477 1818 2693 1906 repel-

544 1960 551 1968 ·
635 1935 916 2006 lebant,
955 1955 1071 1995 nec
1141 1931 1465 2017 improbos
1521 1925 1955 1992 accusabant:
1993 1945 2101 1985 eos
2156 1942 2377 1985 omnes
2446 1918 2694 2007 legatos

635 2034 1191 2103 administrationis
1253 2030 1587 2098 dominicas
1646 2054 1783 2096 esse
1836 2020 2288 2094 existimantes,
2360 2022 2693 2104 Quocirca

634 2165 782 2229 erga
828 2160 1046 2205 omnes
1093 2130 1401 2228 gerebant
1446 2138 1728 2202 animum
1776 2130 2084 2200 benevole
2141 2129 2463 2196 affectum.
2524 2128 2689 2197 Cum

635 2248 806 2313 enim
842 2246 1136 2311 audirent
1163 2244 1509 2311 Dominum
1543 2242 1861 2306 dicentem
1889 2259 1904 2302 t
1938 2264 1962 2296 e
1985 2234 2352 2310 Remittite,
2386 2244 2451 2301 et
2479 2232 2687 2301 remit-

635 2363 850 2416 »tetur
892 2350 1141 2424 vobis¹,
1179 2378 1202 2410 ι
1256 2361 1412 2413 tunc
1453 2346 1560 2433 qui
1595 2368 1659 2409 se
1692 2342 2038 2416 laederent,
2076 2337 2399 2405 beneficos
2433 2340 2683 2429 reputa-

632 2453 830 2532 bant,
867 2460 1044 2521 velut
1081 2455 1159 2519 ab
1197 2453 1271 2517 iis
1302 2451 1630 2517 consecuti
1666 2448 2067 2514 occasionem
2098 2445 2482 2511 remittendi.
2524 2442 2683 2509 Cum

633 2586 785 2628 vero
818 2585 1035 2626 rursus
1066 2560 1363 2624 audirent
1392 2581 1406 2623 :
1462 2583 1487 2616 α
1520 2553 2081 2636 Quemadmodum
2110 2552 2334 2627 vultis,
2363 2565 2434 2616 ut
2455 2551 2684 2616 faciant

635 2661 858 2727 'vovobis
889 2663 1181 2727 hominos
1206 2710 1222 2734 ,
1262 2662 1346 2725 ita
1377 2684 1487 2724 vos
1522 2683 1774 2747 quoque
1814 2660 2003 2724 facite
2036 2657 2223 2735 illis²,
2252 2687 2278 2720 a»
2327 2672 2478 2724 tunc
2526 2669 2686 2743 quo-

643 2783 772 2854 que
805 2766 1042 2853 probos
1076 2764 1140 2827 in
1181 2762 1572 2827 conscientia
1616 2764 1982 2850 diligebant.
2036 2755 2481 2850 Relinquentes
2517 2759 2686 2825 enim

640 2893 819 2937 suam
857 2868 1166 2953 justitiam
1189 2916 1205 2940 ,
1235 2879 1300 2931 ot
1327 2866 1638 2953 justitiam
1663 2868 1777 2931 Dei
1804 2879 2193 2955 quaerentes,
2224 2874 2689 2951 consequenter

630 2974 1031 3039 ‚invenerunt
1062 2982 1128 3035 et
1161 2970 1537 3075 charitatem
1568 2971 1631 3036 in
1663 2995 1735 3036 ea
1771 2973 2142 3036 naturaliter
2174 2969 2585 3034 reconditam.

729 3076 837 3140 III.
895 3075 1205 3140 Dominus
1235 3076 1405 3140 enim
1441 3083 1590 3141 cum
1621 3080 1821 3162 multra
1851 3081 1929 3142 de
1954 3078 2255 3142 charitate
2283 3071 2689 3163 praeciperet,

640 3164 830 3268 jussit
876 3202 1160 3265 quaerere
1209 3177 1520 3265 justitiam
1572 3179 1739 3244 Dei:
1777 3165 1951 3247 novit
1997 3181 2170 3247 enim
2210 3180 2373 3246 hanc
2422 3175 2693 3242 matrem

646 3282 971 3350 charitatis
996 3305 1150 3348 esse.
1185 3281 1325 3348 Non
1349 3281 1501 3346 licet
1524 3283 1692 3347 enim
1723 3285 1980 3361 salvari,
2008 3286 2126 3351 nisi
2158 3308 2272 3373 per
2293 3281 2688 3372 proximum:
2822 3286 2832 3294 “

645 3402 719 3452 ut
759 3387 1061 3478 praecepit
1095 3409 1112 3451 z
1157 3413 1182 3445 ι
1213 3383 1576 3461 Remittite,
1618 3402 1683 3453 et
1711 3390 2073 3455 remittetur
2111 3389 2310 3454 vobiS.
2353 3416 2376 3448 ι
2430 3386 2579 3452 Haec
2601 3393 2699 3448 est

649 3493 752 3559 lex
785 3492 1167 3590 spiritualis„
1206 3512 1344 3576 quae
1382 3488 1448 3555 in
1484 3494 1785 3559 cordibus
1830 3491 2127 3560 fidelibus
2169 3491 2489 3563 scribitur,
2526 3493 2700 3553 cotn-

643 3597 1041 3687 plementum
1087 3593 1392 3661 nimirum
1439 3598 1664 3686 prioris
1712 3600 1887 3687 legis.
1939 3625 1965 3660 α
2003 3599 2144 3667 Non
2189 3596 2401 3668 enim,
2450 3588 2694 3680 inquit,

645 3727 670 3763 »
690 3699 852 3766 veni‘
871 3701 952 3764 ad
986 3695 1440 3767 destruendam
1472 3703 1677 3791 legem
1696 3752 1714 3779 ,
1753 3705 1866 3771 sed
1896 3717 1967 3770 ut
1998 3704 2358 3791 compleam
2381 3697 2429 3762 ⁸.
2450 3709 2453 3710 ’
2476 3717 2505 3758 t
2549 3693 2698 3775 Quo

647 3826 798 3892 ergo
836 3811 1034 3892 pacto
1056 3802 1415 3893 impleatur,
1456 3808 1694 3898 accipe.
1732 3803 1914 3875 Prior
1944 3809 2045 3877 lex
2077 3807 2334 3896 sumpta
2365 3798 2701 3869 occasione

640 3906 1058 3979 benedicendi
1078 3907 1168 3987 ei,
1195 3907 1304 3998 qui
1326 3917 1730 4000 peccaverat,
1763 3913 1989 3982 fortius
2014 3907 2480 3982 'condemnavit
2510 3901 2691 3986 euin.

724 4060 741 4087 τ
769 4049 886 4112 μω.
912 4064 982 4107 vi,
1003 4047 1089 4124 37.
1108 4074 1172 4089 -
1191 4062 1214 4089 ⁸
1241 4050 1420 4106 matth.
1448 4067 1539 4112 vu,
1567 4068 1642 4122 u,
1670 4080 1733 4096 -·-
1761 4052 1786 4093 ⁸
1804 4039 1958 4122 ida,
1985 4055 2067 4122 i7,
