2982 4885
898 584 979 627 nn
1027 582 1426 628 nnuman
1473 580 1722 628 uanus.
2199 574 2320 638 361

291 723 434 768 vam
460 721 573 766 nos
603 699 938 765 restituere
976 700 1354 788 puritatem3
1396 702 1783 768 etenim-nisi
1814 709 2012 773 multa
2042 711 2329 779 oratione

288 817 355 872 et
395 805 542 880 fido,
591 806 788 871 multa
838 807 1214 882 attentione,
1261 820 1326 872 et
1365 830 1398 871 a
1444 807 1635 872 rebus
1689 812 1912 876 mundi
1971 816 2321 894 aversione,

293 931 777 997 consequamur,
803 922 871 974 ut
887 912 1126 999 polluta
1144 911 1535 977 immixtione
1556 913 1808 978 malitiae
1832 928 2054 982 natura
2082 934 2322 1001 nostra,

292 1017 367 1080 ab
408 1016 508 1080 illa
543 1015 874 1088 charitate,
910 1038 1049 1103 quae
1085 1017 1252 1081 Deus
1284 1030 1401 1091 est,
1439 1000 1909 1094 sanctificetur;
1943 1025 2109 1087 etad
2137 1024 2324 1093 linem

271 1145 493 1209 -usque
526 1122 664 1186 sine
698 1120 935 1186 offensa
969 1114 1593 1210 permanserimus'in
1625 1125 1809 1210 plena
1840 1135 1904 1189 et
1932 1139 2145 1192 exacta
2173 1130 2332 1194 ‹livi-

290 1250 516 1294 norum
542 1227 679 1315 ejus
704 1228 1138 1292 observatione
1163 1230 1636 1301 mandatorum,
1661 1230 1931 1295 coelestis
1956 1233 2131 1322 regni
2157 1256 2325 1302 com-

291 1345 469 1423 potes
493 1355 629 1398 esse
654 1355 778 1396 non
804 1332 1172 1420 poterimus,

379 1439 481 1504 Vl.
547 1438 859 1502 Subtilem
904 1441 1241 1524 quamdam
1296 1437 1876 1526 abstrusioremque
1931 1441 2323 1517 doctrinam,

292 1555 483 1631 prout
513 1554 762 1630 potero,
790 1564 1102 1629 exponere
1137 1542 1238 1607 hic
1267 1543 1429 1607 volo.
1472 1543 1544 1607 In
1579 1566 1810 1633 corpus
1839 1546 2112 1632 quodam
2138 1547 2327 1613 modo

294 1670 359 1711 se
394 1647 598 1735 ipsum
631 1646 1036 1711 transformat
1065 1647 1407 1712 immensus
1438 1659 1504 1713 et
1536 1648 1949 1737 incorporeus
1987 1649 2322 1726 Dominus,

289 1774 406 1841 per
432 1752 885 1840 benignitatem
916 1751 1225 1817 infinitam
1251 1777 1270 1826 ς
1303 1766 1366 1817 et
1395 1753 1649 1828 minuit,
1683 1776 2101 1842 parvumque,
2138 1768 2206 1821 ut
2239 1756 2329 1821 sic

293 1857 524 1932 dicam,
571 1857 952 1925 contrahens
983 1881 1047 1921 se
1078 1858 1252 1931 facit,
1289 1858 1508 1946 ingens
1543 1859 1646 1923 ille
1678 1860 2325 1946 supersubstantialis,

288 1977 359 2030 ut
388 1965 476 2030 sic
508 1964 703 2053 possit
727 1986 874 2030 cum
906 1963 1439 2030 intellectualibus
1472 1956 1601 2028 suis
1635 1966 1943 2030 creaturis
1973 1965 2150 2054 quasi
2186 1989 2330 2032 coa-

287 2071 542 2134 lescere.
598 2069 857 2134 Animas
895 2082 1258 2134 sanctorum
1308 2068 1486 2143 dico,
1537 2080 1602 2134 et
1654 2067 1963 2158 Angelos,
2006 2082 2075 2134 ut
2108 2069 2198 2135 sic
2232 2070 2329 2136 hae

289 2187 595 2240 creatura:
638 2176 880 2262 possint
916 2175 1056 2239 vitm
1089 2176 1497 2248 immortalis,
1522 2172 1661 2261 'qua
1696 2175 1822 2263 ipsa
1861 2175 1997 2264 ejus
2025 2176 2331 2242 Divinitas

289 2279 541 2353 fruitur,
579 2280 919 2365 participes
951 2279 1136 2342 effici.
1168 2279 1487 2356 Quoniam
1520 2279 1750 2342 horum
1783 2281 2079 2364 quodque
2104 2300 2336 2344 secun-

293 2383 446 2446 dum
479 2381 799 2469 propriam
835 2390 1122 2445 naturam
1157 2402 1389 2467 corpus
1412 2391 1545 2453 est3
1584 2402 1837 2467 corpus,
1878 2381 2161 2468 iuquam,
2189 2396 2336 2450 sunt

296 2498 359 2551 et
382 2485 682 2574 AngeluS,
709 2497 771 2549 et
796 2485 1025 2560 anima,
1057 2497 1121 2549 et
1151 2486 1416 2549 daemon.
1443 2483 1586 2548 ‘Etsi
1616 2485 1787 2549 enim
1820 2508 1920 2549 res
1948 2498 2166 2550 tenues
2190 2487 2334 2552 sub-

297 2591 562 2680 tilesque
601 2602 782 2663 sunt,
828 2600 1042 2654 tamen
1098 2589 1162 2653 in
1209 2587 1564 2677 hypostasi,
1609 2603 1969 2667 caractere,
2016 2614 2088 2656 ac
2126 2590 2328 2658 forma

295 2696 599 2784 propriis,
657 2695 1008 2760 secundum
1064 2695 1437 2762 tenuitatem
1482 2706 1722 2760 naturoe
1768 2696 2048 2785 ipsorum
2098 2719 2330 2787 corpus

298 2812 444 2864 sunt
484 2812 708 2875 tenue3
751 2800 916 2866 sicut
962 2801 1024 2865 in
1068 2823 1176 2866 sua
1222 2801 1544 2890 hypostasi
1587 2824 1818 2890 corpus
1849 2802 1974 2868 hoc
2012 2815 2325 2880 nostrum,

297 2929 575 2972 crassum
611 2928 839 2996 corpus
885 2918 1016 2983 est3
1070 2908 1280 2996 itaque
1328 2908 1537 2972 anima
1577 2931 1808 2998 corpus
1848 2932 1996 2973 cum
2039 2909 2121 2975 sit
2156 2910 2332 2976 exilis

295 3013 639 3087 tenuitatis,
673 3013 1028 3079 circumdat
1056 3014 1174 3079 sibi
1209 3026 1397 3102 atque
1428 3014 1636 3079 induit
1666 3016 1948 3081 membra
1981 3015 2174 3105 hujus
2199 3039 2336 3082 cor·

293 3118 486 3207 poris,
538 3118 770 3195 induit,
827 3142 1079 3210 nempe,
1141 3122 1426 3193 oculum,
1469 3143 1587 3208 per
1619 3111 1810 3207 quem
1849 3121 2052 3196 videt,
2088 3143 2333 3196 aurem,

293 3249 407 3315 per
437 3248 626 3313 quam
661 3226 834 3291 audit
854 3252 873 3302 3
907 3248 1204 3302 manum,
1239 3249 1456 3302 nares3
1496 3250 1625 3292 uno
1657 3229 1889 3301 verbo,
1928 3241 2160 3293 cuncta
2189 3249 2336 3317 cor-

294 3332 461 3420 poris
486 3334 774 3397 membra
808 3332 1234 3421 circumponit
1257 3332 1401 3407 sibi,
1433 3353 1712 3420 cumque
1736 3332 1857 3396 illis
1879 3332 2131 3418 penitus
2156 3352 2338 3395 com-

296 3436 597 3502 miscetur
623 3461 864 3527 perque
894 3436 1029 3502 haec
1058 3447 1322 3500 cunctas
1356 3437 1714 3516 functiones
1747 3434 2040 3499 humanae
2070 3455 2305 3498 conver
2324 3471 2340 3481 ·

298 3543 549 3606 sationis
573 3543 924 3628 exequitur.
967 3539 1067 3602 Ad
1100 3537 1369 3601 similem
1399 3537 1594 3622 igitur
1623 3543 1883 3603 modum
1910 3537 2242 3603 ineffabilis
2275 3550 2340 3602 et

299 3641 952 3732 incomprehensibilis
1001 3638 1236 3704 Christi
1282 3638 1536 3703 bonitas
1578 3643 1895 3706 contrahit
1959 3664 2031 3707 ac
2078 3664 2336 3729 parvam

279 3748 447 3812 'sacit
473 3771 544 3812 ac
570 3748 746 3836 quasi
772 3748 836 3811 in
860 3769 1092 3836 corpus
1119 3743 1299 3833 fingit
1322 3767 1387 3810 se
1412 3745 1648 3832 ipsam3
1678 3757 1864 3834 atque
1888 3770 1953 3812 se
1976 3746 2338 3814 immiscens

300 3853 704 3941 amplectitur
731 3851 947 3918 fideles
984 3865 1050 3918 et
1087 3851 1319 3916 amicas
1351 3851 1472 3930 sibi
1505 3851 1785 3928 animas,
1824 3879 1849 3912 ι
1872 3852 1950 3918 Et
1988 3875 2150 3919 unus
2184 3875 2334 3939 cum

298 3959 492 4050 »ipsis
527 3957 599 4026 fit
622 3957 957 4049 Spiritus¹,
985 3959 1383 4038 »secundum
1414 3960 1748 4026 oraculum
1775 3960 1950 4028 Pauli
1962 3984 1985 4037 ,·
2024 3959 2234 4026 anima
2270 3958 2335 4026 in

370 4109 384 4132 ⁸
419 4112 437 4146 ι
460 4094 576 4150 Cor·
603 4089 780 4164 v1‚'17.
