2982 4885
1105 531 1361 576 nomm
1413 531 1605 574 xxxn.
2253 516 2380 603 237

341 644 476 717 lum
507 671 706 714 unum
729 659 846 724 est,
872 659 934 712 et
954 649 1186 712 multas
1214 649 1275 713 in
1310 670 1376 711 se
1401 648 1612 713 stellas
1643 648 1948 722 continet,
1983 648 2098 716 has
2124 650 2384 738 quidem

344 752 801 844 splendidiores
819 778 838 827 ς
861 751 996 817 illas
1026 751 1325 838 majores,
1362 746 1500 819 illas
1528 773 1679 817 vero
1710 753 1991 825 minores
2024 778 2041 817 ε
2077 755 2385 823 universa!

341 881 494 924 vero
541 858 605 922 in
653 858 815 924 eoelo
864 855 1003 922 fixae
1044 870 1238 923 sunt:
1286 857 1378 922 sic
1419 877 1678 943 quoque
1720 857 1920 923 sancti
1964 857 2028 923 in
2063 883 2188 926 uno
2220 864 2383 928 coelo

343 964 553 1028 divino
572 969 599 1037 ,“
627 944 693 1029 ct
727 963 792 1028 in
826 960 1119 1029 invisibili
1151 975 1318 1028 terra
1351 961 1773 1027 diversimode
1810 962 2055 1029 radices
2087 980 2371 1056 egerunt.

340 1068 567 1133 Itidem
614 1091 757 1157 quae
802 1067 956 1134 Adae
1001 1068 1352 1137 obveniunt
1397 1067 1848 1156 cogitationes,
1883 1068 2147 1135 diversae
2187 1086 2377 1139 sunt:

342 1184 401 1237 at
425 1172 694 1261 Spiritus
716 1173 781 1238 in
807 1196 921 1239 cor
941 1173 1219 1250 veniens,
1256 1194 1450 1238 unam
1489 1171 1787 1259 producit
1813 1172 2288 1262 cogitationem,
2318 1190 2383 1245 et

339 1301 538 1345 unum
568 1302 678 1345 cor
703 1302 719 1343 τ
749 1279 1060 1366 siquidem
1088 1279 1196 1366 qui
1235 1280 1535 1345 deorsum
1568 1289 1748 1356 sunt,
1781 1290 1849 1344 et
1876 1279 1985 1366 qui
2019 1302 2270 1349 sursum
2302 1282 2381 1353 ab

339 1406 469 1448 uuo
502 1383 939 1472 gubernantur
963 1383 1223 1471 Spiritu.
1872 1372 1877 1375 ’

429 1487 532 1552 lv.
588 1488 764 1565 Quid
811 1508 963 1551 vero
1014 1487 1133 1552 sibi
1187 1490 1407 1553 volunt
1453 1488 1746 1554 animalia
1796 1488 2038 1556 bifida?
2081 1494 2381 1580 quoniam

341 1585 591 1653 duobus
632 1588 952 1676 unguibus
1005 1590 1297 1655 celeriter
1340 1591 1506 1657 viam
1556 1592 1957 1670 conficiunt,
2002 1595 2073 1659 in
2096 1594 2383 1685 -figuram

337 1695 538 1785 posita
573 1705 722 1759 sunt
748 1717 970 1759 eorum
994 1743 1011 1770 ,
1053 1696 1160 1783 qui
1196 1695 1258 1759 in
1290 1697 1428 1785 lege
1469 1710 1645 1763 recte
1670 1698 2014 1764 ambulant.
2056 1701 2375 1781 Quemad-

337 1802 602 1866 modum
639 1810 851 1865 autem
898 1800 1130 1863 umbra
1164 1799 1447 1888 corporis
1485 1801 1551 1864 in
1590 1802 1817 1865 eodem
1854 1824 2124 1891 corpore
2158 1817 2283 1879 est,
2320 1819 2385 1872 at

334 1902 613 1968 officium
647 1901 855 1967 carnis
887 1902 1153 1991 implere
1190 1904 1412 1990 nequit
1439 1926 1456 1967 τ
1488 1904 1717 1969 umbra
1749 1906 1920 1971 enim
1944 1907 2204 1972 vulnera
2240 1909 2376 1973 ani-

332 2030 478 2097 gare
502 2005 744 2094 nequit,
779 2028 899 2072 nec
924 2005 1141 2072 cibum
1158 2007 1448 2095 praebere
1480 2018 1592 2071 aut
1619 2007 1797 2096 loqui
1823 2031 1840 2073 ε
1877 2008 1956 2074 ab
1980 2009 2117 2098 ipso
2142 2010 2377 2077 nihilo-

326 2115 535 2179 minus
561 2135 830 2202 corpore
865 2124 1120 2186 manat,
1154 2124 1221 2177 et
1251 2114 1622 2201 praecedens
1650 2114 2050 2201 praesentiam
2087 2118 2376 2205 corporis

327 2218 648 2285 declarat:
690 2219 770 2282 ad
808 2218 1109 2282 eumdem
1147 2219 1411 2283 modum
1456 2219 1557 2283 lex
1590 2230 1773 2282 vetus
1804 2219 2033 2282 umbra
2078 2231 2173 2285 est
2218 2221 2377 2289 Novi

326 2319 717 2388 Testamenti
753 2319 802 2383 ¹.
848 2321 1303 2384 Praemonstrat
1345 2331 1563 2385 autem
1605 2321 1835 2386 umbra
1883 2322 2214 2387 veritatem
2244 2372 2262 2398 ,
2310 2340 2376 2393 at

293 2404 300 2411 ’
331 2422 758 2491 ministerium
780 2419 1051 2509 Spiritus
1077 2442 1204 2486 non
1228 2420 1506 2490 obtinuit
1526 2422 1574 2487 ².
1595 2423 1736 2488 Non
1755 2425 1924 2488 enim
1944 2426 2151 2512 potuit
2171 2428 2375 2496 Moses

333 2551 525 2596 carne
548 2526 819 2591 amictus
835 2537 1170 2614 penetrare
1193 2547 1327 2603 cor,
1357 2537 1423 2591 et
1448 2524 1697 2592 auferre
1727 2527 1980 2592 sordida
2009 2529 2379 2601 vestimenta

334 2634 744 2701 tenebrarum
773 2654 790 2696 ε
817 2632 931 2697 scd
965 2630 1173 2694 solum
1196 2629 1467 2719 Spiritus
1491 2654 1528 2696 a
1552 2631 1818 2721 Spiritu,
1852 2644 1917 2698 et
1952 2632 2109 2721 ignis
2142 2635 2222 2701 ab
2249 2636 2376 2727 igni

336 2739 617 2805 dissolvit
647 2737 774 2802 vim
802 2758 1242 2826 perversarum
1276 2737 1706 2803 tenebrarum.
1748 2736 2163 2805 Circumcisio
2194 2765 2371 2833 ergo,

333 2870 477 2936 qum
507 2858 645 2911 erat
682 2844 748 2909 in
785 2846 955 2932 Iege,
995 2840 1309 2931 significat
1348 2843 1962 2933 appropinquantem
1992 2867 2207 2912 veram
2243 2851 2372 2916 cir-

334 2952 794 3019 cumcisionem
820 2948 1056 3022 cordis,
1078 2958 1142 3012 et
1169 2947 1483 3037 baptisma
1514 2949 1668 3038 legis
1701 2950 1930 3016 umbra
1951 2964 2048 3018 est
2077 2975 2368 3025 verarum

334 3080 568 3126 rorum.
630 3056 767 3122 Illic
825 3055 998 3120 enim
1040 3054 1341 3120 abluebat
1386 3077 1674 3142 corpus:
1732 3055 1835 3121 hic
1887 3079 2038 3123 vero
2088 3061 2370 3129 animum

335 3186 518 3231 cozno
559 3160 1038 3248 coinquinatum
1081 3159 1394 3249 baptisma
1434 3157 1595 3251 ignis
1634 3173 1700 3227 et
1737 3160 2008 3251 Spiritus
2043 3181 2271 3257 purgat
2308 3181 2374 3236 et

338 3271 555 3337 abluit.

424 3371 498 3444 V.
554 3376 689 3443 Illic
714 3375 1007 3440 sacerdos
1043 3371 1477 3439 imbecillitate
1513 3374 1944 3440 circumdatus
1976 3376 2375 3461 ingredieba-

340 3494 442 3547 tur
473 3482 534 3546 in
567 3493 816 3552 sancta,
851 3490 914 3542 et
952 3497 1069 3569 pro
1099 3499 1164 3539 se
1198 3488 1264 3540 et
1297 3498 1414 3561 pro
1443 3479 1682 3562 populo
1708 3477 1982 3543 oss'erens
2006 3476 2367 3560 victimam3

342 3584 445 3646 hic
474 3608 623 3648 vero
647 3606 832 3648 verus
859 3577 1140 3667 pontifex
1165 3575 1455 3640 Christus
1480 3579 1677 3640 semel
1701 3578 2016 3664 ingressus
2039 3581 2219 3647 estin
2245 3608 2372 3652 non

345 3708 537 3750 manu
570 3687 804 3749 factum
829 3683 1348 3755 tabernaculum,
1391 3691 1455 3743 et
1485 3702 1829 3768 supernum
1856 3683 2047 3747 altare
2067 3732 2085 3762 ,
2111 3707 2375 3777 promp-

347 3805 450 3856 tus
495 3789 574 3853 ad
617 3789 1013 3874 purgandum
1053 3810 1198 3862 eos,
1233 3786 1339 3872 qui
1373 3789 1694 3875 postulant
1727 3784 1805 3850 ab
1843 3808 1953 3861 e0,
1986 3800 2051 3854 et
2082 3789 2376 3878 inquina-

349 3908 476 3962 tam
513 3889 983 3957 conscientiam.
1019 3889 1229 3977 Inquit
1251 3890 1421 3957 enim
1444 3914 1460 3956 t
1498 3919 1523 3952 ι
1542 3890 1889 3960 Vobiscum
1911 3914 2051 3962 sum
2074 3919 2271 3987 usque
2295 3904 2377 3971 ad

424 4048 438 4071 ι
472 4030 643 4083 cotos.
664 4043 724 4092 ιι,
753 4041 829 4094 ¹7·
857 4052 916 4065 —
945 4039 966 4064 ⁸
993 4023 1218 4088 nebus,
1245 4043 1283 4078 ι.
