2982 4885
1656 372 1699 413 t
1734 348 1741 353 .

903 494 920 517 ⁸
951 536 1131 581 unna
1179 536 1259 581 na
1305 532 1671 578 nanninus.
2203 514 2327 581 601

294 651 630 726 »dabitur,
672 664 738 717 et
782 654 921 739 plus
972 651 1031 715 ei
1085 649 1438 735 adjicietur.
1503 647 1643 712 Non
1691 646 1951 713 habenti
1999 661 2233 725 autem,
2274 661 2341 716 et

294 759 514 845 »quod
542 758 829 832 videtur,
868 755 1186 821 auferetur
1218 755 1296 820 ah
1333 752 1521 818 eo¹.»
1550 750 1741 830 Quod
1767 724 1992 818 Judaeo
2032 754 2335 844 contigit,

218 892 226 901 ·
295 874 362 928 et
383 860 751 928 aliisitidem
772 859 1082 949 plurimis.

326 1045 545 1150 CXXV.
583 1094 898 1147 nAEnsssls
933 1092 1026 1145 DE
1049 1091 1415 1144 ‘numento
1444 1090 1802 1144 unnsomo
1837 1092 1910 1145 m
1939 1092 2300 1149 zaanmA

1121 1187 1514 1240 PROPHBTA.

375 1393 505 1459 Esr
550 1390 829 1464 haeresis,
863 1409 1005 1477 quae
1037 1408 1187 1453 cum
1240 1386 1416 1453 audit
1458 1386 1525 1451 in
1564 1385 1872 1454 Zacharia
1910 1390 2219 1478 propheta
2257 1393 2338 1458 de

292 1497 577 1565 funiculo
606 1494 1134 1583 agri-mensorio,
1170 1494 1250 1559 de
1291 1515 1419 1579 quo
1450 1494 1521 1562 et
1543 1492 1747 1559 David
1782 1494 2130 1570 edixerat²,
2165 1499 2338 1583 quod

292 1602 573 1690 Angelus
623 1613 845 1665 tenens
883 1600 1014 1666 ibat
1065 1620 1436 1664 mensurare
1479 1597 1895 1676 Jerusalem&
1936 1602 2208 1666 aestimat
2236 1624 2339 1667 se-

292 1710 574 1773 cundum
596 1706 873 1772 litteram
898 1708 981 1771 ita
1019 1705 1244 1770 dixisse
1268 1703 1667 1793 Scripturam
1699 1727 1716 1769 ε
1755 1727 1901 1772 cum
1934 1729 2064 1772 non
2084 1706 2339 1773 Jerusa-

293 1815 419 1879 lem
458 1811 690 1887 metiri,
734 1833 873 1899 quae
906 1811 1069 1876 tradi
1108 1809 1386 1877 debebat
1428 1809 1744 1886 hostibus,
1795 1815 1910 1877 sed
1939 1813 2337 1879 credentium

173 1986 178 1991 ,
293 1931 467 1984 recte
486 1932 677 2006 atque
700 1940 1052 2007 paucorum
1083 1916 1367 2005 perfecte
1396 1917 1627 1982 electio
1643 1917 2056 1985 nuntiabatur
2077 1941 2192 2008 per
2213 1919 2340 1985 An-

291 2027 503 2113 gelum
556 2024 853 2097 affutura,
919 2035 990 2088 ut
1049 2023 1292 2086 dictum
1344 2034 1443 2086 est
1486 2046 1504 2083 ε
1550 2048 1579 2081 ι
1613 2022 1791 2089 Multi
1859 2025 2088 2099 vocati,
2149 2025 2336 2113 pauci

293 2156 319 2188 ι
337 2129 581 2194 ὠθεῖν.
608 2156 635 2190 ι
666 2127 1020 2192 Jerusalem
1037 2131 1198 2212 'ergo
1220 2125 1286 2189 in
1308 2125 1595 2190 funiculo
1626 2127 2116 2213 agri-mensorio
2153 2150 2339 2194 men-

281 2233 649 2302 ·surabatur,
674 2232 742 2294 id
769 2242 889 2300 est,
913 2240 978 2293 et
1010 2240 1157 2291 ante
1187 2227 1304 2289 suh
1327 2228 1574 2312 paucis,
1607 2237 1675 2290 et
1702 2242 1848 2313 post
1869 2229 2062 2294 fidem
2096 2231 2332 2297 Christi

294 2355 645 2424 paucorum
678 2330 1007 2397 catholicae
1051 2327 1199 2393 fidei
1242 2329 1557 2415 gignendo
1605 2330 1831 2393 electio
1872 2331 2337 2418 praedicabatnr

296 2441 358 2505 in
392 2439 641 2505 soeculo.
674 2436 867 2517 Quod
888 2448 953 2500 et
979 2434 1320 2522 Apostolus
1352 2433 1439 2498 ait
1474 2456 1489 2496 ε
1515 2432 1829 2522 «Oportet
1871 2434 2142 2502 haereses
2169 2461 2332 2515 esse,

296 2573 322 2605 ι
342 2558 413 2611 ut
441 2543 692 2634 probati
724 2538 1266 2606 manifestentur⁶.
1289 2565 1315 2600 ι
1350 2537 1517 2617 Quia
1548 2561 1701 2628 ergo
1729 2538 2051 2607 funiculus
2079 2543 2341 2610 haeredi-

300 2651 493 2716 tarius
523 2649 758 2737 triplici
781 2647 1015 2714 virtute
1052 2666 1376 2710 connexus
1405 2656 1525 2720 est,
1567 2643 1634 2709 id
1663 2657 1781 2720 est,
1815 2646 2041 2722 Patris,
2072 2661 2139 2713 et
2167 2649 2334 2724 Filii,

295 2751 366 2820 et'
399 2754 668 2843 Spiritus
706 2752 908 2818 sancti
929 2800 947 2826 ,
989 2752 1125 2816 haec
1154 2750 1529 2837 conjunctio
1561 2772 1709 2815 cum
1733 2751 1799 2815 in
1830 2775 1954 2817 una
1988 2755 2339 2842 eademque

297 2859 608 2948 accipitur
660 2857 788 2924 fide
845 2870 1034 2945 atque
1082 2855 1505 2929 credulitate3
1546 2855 1917 2940 aequalitatis
1965 2857 2224 2947 quippe,
2272 2873 2339 2926 et

294 2965 542 3031 virtutis
581 2965 1028 3052 conjungenda
1070 2961 1299 3035 unitas,
1341 2971 1533 3047 atque
1569 2960 1837 3025 colenda
1865 2962 2148 3049 potentia
2185 2986 2336 3029 cum

295 3071 578 3137 noscitur
615 3071 695 3135 ab
729 3067 1014 3134 Ecclesia
1037 3065 1395 3150 :catholica
1437 3086 1567 3128 non
1599 3065 1665 3128 in
1703 3065 1950 3132 diversa
1988 3067 2336 3152 majestatis

298 3188 406 3240 aut
432 3177 745 3260 qualitatis
776 3175 1094 3241 credenda
1124 3169 1473 3236 substantia
1505 3169 1889 3258 praedicatur
1912 3218 1932 3245 ,
1974 3182 2047 3234 ut
2078 3171 2336 3257 quidam

297 3277 608 3342 aestimant
628 3277 927 3340 haeretici.
967 3278 1161 3354 Quod
1194 3287 1258 3340 et
1286 3274 1601 3341 Dominus
1631 3271 1843 3337 dicere
1878 3270 2170 3361 dignatus
2193 3286 2290 3340 est
2323 3299 2339 3341 z

316 3406 339 3442 ι
363 3383 554 3449 Putas
576 3379 775 3446 Filius
807 3377 1080 3443 hominis
1113 3399 1263 3442 cum
1295 3378 1542 3444 venerit
1563 3425 1581 3453 ,
1609 3376 1888 3442 inveniet
1918 3374 2113 3444 fidem
2151 3402 2342 3470 super

299 3514 325 3548 s
344 3484 614 3553 terram⁸
639 3483 708 3547 P»
728 3480 895 3562 Quia
910 3491 972 3544 et
991 3490 1138 3543 ante
1157 3499 1190 3542 a
1206 3480 1521 3568 Propheta
1547 3485 1718 3568 quod
1749 3495 1903 3548 tunc
1934 3496 2071 3548 erat
2093 3485 2158 3549 in
2189 3508 2340 3575 pau-

300 3593 416 3665 cis,
440 3603 505 3656 et
521 3601 664 3679 post
680 3586 914 3653 Christi
942 3583 1372 3673 praesentiam,
1398 3586 1753 3673 passionem
1775 3636 1794 3663 ,
1826 3601 1892 3654 et
1921 3592 2340 3659 resurrectio-

302 3719 450 3764 nem
481 3695 644 3781 ejus,
691 3691 1096 3777 divinamque
1127 3689 1507 3755 sententiam
1545 3693 1718 3778 quod
1746 3706 1957 3758 essent
1977 3699 2343 3783 praevarica-

303 3801 454 3877 turi,
501 3799 626 3864 hoc
665 3797 749 3862 ita
786 3794 1150 3861 nuntiatum
1190 3793 1294 3870 sit,
1340 3807 1415 3860 ut
1449 3794 1577 3861 sint
1612 3795 1892 3864 haeretici
1932 3797 2125 3867 hodie
2169 3805 2279 3892 qui
2309 3828 2345 3871 a

372 3968 386 3993 ⁸
419 3952 603 4006 matth.
639 3968 751 4013 xnn,
799 3967 874 4008 ια,
899 3958 947 4003 ct
984 3966 1103 4005 xxv,
1146 3966 1228 4017 ²9·
1263 3976 1325 3989 —
1363 3961 1383 3984 ⁸
1429 3949 1560 4001 Psal.
1594 3967 1697 4011 ιη,
1734 3950 1785 4001 6.
1820 3977 1884 3988 -
1909 3952 2102 4005 ’Ζεοῐι
2130 3971 2187 4013 n,
2212 3971 2253 4007 ι.
2275 3981 2341 4002 .-

305 4043 327 4085 4
348 4036 526 4090 Matth.
553 4051 636 4096 xx,
659 4033 734 4094 ιθ,
762 4041 812 4086 et
832 4047 959 4097 xm,
984 4031 1058 4093 ²4·
1083 4057 1147 4074 -
1166 4033 1191 4071 ⁸
1221 4047 1244 4084 ι
1266 4030 1383 4086 Cor·
1410 4047 1480 4091 ιι.
1511 4047 1589 4096 ι9.
1614 4057 1679 4073 -
1697 4034 1723 4069 ⁸
1744 4032 1867 4087 Luc.
1891 4048 2036 4096 xvm,
2066 4035 2114 4086 ὃ.
