2982 4885
638 475 768 547 240
1303 491 1352 534 s.
1408 487 1670 535 mcum
1715 487 1987 535 zcrrru

636 607 923 675 homines
939 654 959 681 ,
987 604 1246 670 habent.
1275 606 1515 696 Accipe
1540 628 1645 673 me
1667 607 2013 675 Dominum
2034 626 2185 673 cum
2210 607 2423 695 anima
2442 622 2583 687 tua,
2607 626 2680 679 ut

640 715 723 777 sis
759 722 1068 802 perpetuo
1090 732 1347 776 mecum
1369 711 1436 778 in
1459 712 1674 779 laetitia
1705 726 1771 780 et
1801 713 2205 780 exultatione.
2247 740 2274 775 ι

722 815 839 881 ΙΧ.
891 815 1161 883 Perinde
1195 815 1368 881 enim
1413 839 1486 882 ac
1539 818 1774 885 mulier
1822 819 1957 884 viro
2011 817 2391 907 desponsata
2409 868 2428 895 ,
2464 822 2677 889 omnia

635 923 802 989 bona
833 945 980 997 sua,
1006 933 1074 987 et
1100 932 1300 986 totam
1315 923 1544 991 'dotem
1569 922 1755 991 offert
1788 947 1918 1013 prae
1941 946 2195 991 summo
2225 946 2445 990 amore
2463 976 2481 1002 ,
2508 940 2575 993 et
2611 927 2674 992 in

635 1051 863 1096 manus
891 1026 1009 1095 viri
1040 1026 1332 1115 projicit,
1363 1040 1555 1116 atque
1578 1029 1702 1095 hoc
1737 1029 1823 1095 ait
1849 1053 1866 1095 τ
1900 1057 1925 1090 ι
1949 1030 2161 1097 Meum
2186 1028 2360 1118 quod
2384 1030 2488 1106 sit,
2512 1030 2678 1097 nihil

639 1133 879 1209 habeo,
912 1134 1082 1199 bona
1110 1154 1252 1199 mea
1284 1144 1391 1199 tua
1426 1146 1574 1200 sunt
1603 1158 1620 1200 ε
1656 1136 1771 1200 dos
1801 1156 2057 1222 quoque
2077 1147 2188 1200 tua
2217 1146 2344 1211 est,
2370 1146 2437 1199 et
2467 1135 2675 1201 anima

635 1259 779 1306 mea
795 1287 813 1316 ,
842 1249 907 1303 et
929 1259 1159 1325 corpus
1180 1260 1394 1303 meum
1416 1286 1435 1313 ,
1470 1250 1656 1304 tuum
1682 1251 1780 1305 est
1807 1262 1823 1304 ε
1854 1267 1882 1299 ι
1919 1240 2011 1305 sic
2038 1261 2295 1327 quoque
2317 1252 2677 1329 temperans

639 1343 850 1408 anima
896 1354 994 1408 est
1041 1342 1216 1431 virgo
1260 1343 1554 1419 Domini,
1603 1343 1989 1433 participans
2044 1366 2194 1410 cum
2251 1342 2489 1432 Spiritu
2534 1344 2675 1431 ejus

635 1458 876 1519 sancto.
917 1447 1188 1537 Oportet
1219 1454 1465 1524 autem,
1490 1449 1758 1538 perinde
1789 1472 1860 1515 ac
1893 1449 2061 1539 ipse,
2100 1471 2251 1515 cum
2273 1449 2540 1515 venisset
2562 1471 2678 1514 su-

640 1576 755 1644 pra
778 1570 1048 1630 terram,
1087 1577 1304 1644 passus
1320 1567 1386 1623 et
1402 1553 1745 1622 crucifixus
1780 1566 1876 1622 est
1895 1604 1914 1631 ,
1940 1567 2006 1621 te
2031 1576 2284 1642 quoque
2316 1553 2502 1620 simul
2517 1552 2666 1642 pati.

636 1662 759 1728 Ubi
789 1663 962 1729 enim
990 1664 1323 1728 recesseris
1355 1687 1390 1728 a
1417 1666 1661 1729 mundo
1680 1711 1700 1738 ,
1731 1684 1804 1727 ac
1827 1661 2033 1728 Deum
2057 1683 2346 1747 quaerere
2383 1659 2674 1751 coeperis,

637 1778 702 1831 et
725 1766 1082 1831 discernere
1099 1810 1117 1834 ‚
1164 1776 1452 1849 superest
1469 1810 1490 1836 ,
1518 1777 1591 1827 ut
1611 1784 1889 1849 pugnam
1914 1762 2087 1824 ineas
2114 1783 2264 1825 cum
2286 1777 2516 1828 natura
2540 1775 2677 1843 tua,

635 1867 907 1952 antiquis
943 1863 1244 1928 nimirum
1280 1864 1605 1938 moribus,
1651 1875 1718 1929 et
1757 1862 2219 1927 consuetudine
2264 1864 2382 1927 tibi
2430 1866 2676 1933 innata.

631 1968 711 2033 Et
733 1968 899 2031 inter
933 1966 1344 2052 pugnandum
1382 1986 1531 2030 cum
1559 1964 2057 2040 consuetudine,
2080 1962 2319 2051 reperis
2351 1964 2691 2052 cogitatio·

632 2094 776 2145 nes,
810 2070 1193 2134 reluctantes
1223 2067 1377 2143 tibi,
1410 2081 1477 2139 et
1498 2080 1926 2159 repugnantes
1959 2068 2171 2135 animo
2202 2082 2315 2135 tuo
2347 2092 2364 2133 ε
2395 2092 2538 2155 quae
2563 2093 2681 2139 co-

631 2175 963 2265 gitationes
995 2186 1059 2240 te
1089 2174 1350 2241 trahunt
1371 2224 1388 2251 ,
1413 2188 1479 2242 et
1509 2187 1893 2264 occupatum
1922 2177 2202 2242 reddunt
2240 2175 2438 2240 rebus
2461 2225 2479 2251 ,
2504 2181 2675 2247 unde

630 2279 912 2356 exivisti,
947 2279 1147 2346 oculis
1168 2279 1490 2367 subjectis.
1531 2277 1850 2369 Deinceps
1878 2279 2107 2368 incipis
2135 2260 2675 2367 §raeliumconse-

630 2406 772 2452 rere
797 2405 871 2452 ac
889 2384 1154 2461 bellum,
1178 2383 1591 2474 cogitationes
1619 2405 1882 2452 movens
1913 2385 2212 2451 adversus
2234 2385 2663 2475 cogitationes,

630 2501 919 2557 mentem
955 2488 1253 2557 adversus
1307 2502 1623 2567 mentem,
1658 2489 1935 2554 animam
1995 2490 2293 2572 adversus
2353 2491 2626 2559 animam
2645 2543 2665 2570 ,

631 2594 942 2682 Spiritum
978 2591 1273 2660 advers-us
1295 2592 1640 2682 Spiritum:
1671 2605 1975 2660 caeterum
2003 2592 2133 2661 illic
2155 2607 2390 2663 aeterna
2421 2605 2667 2686 quoq-s

637 2699 843 2765 anima
874 2708 1104 2786 praesto
1127 2709 1240 2763 est.

717 2802 804 2872 X.
860 2799 1045 2866 Latet
1074 2799 1246 2863 enim
1276 2800 1528 2865 occulta
1560 2799 1851 2888 quaedam
1893 2816 1959 2869 et
1987 2803 2236 2872 subtilis
2277 2805 2539 2874 facultas
2566 2819 2652 2872 te·

628 2907 1009 2980 nebrarum,
1051 2902 1331 2969 insidens
1376 2904 1574 2971 cordi.
1620 2905 1931 2986 Dominus
1985 2930 2237 2997 quoque
2268 2932 2468 2999 prope
2514 2910 2651 2976 ani-

627 3033 801 3079 mam
824 3022 891 3075 et
920 3029 1152 3098 corpus
1184 3023 1364 3075 tuum
1395 3022 1522 3087 est,
1575 3009 1871 3100 spectans
1900 3034 2176 3102 pugnam
2208 3027 2409 3087 tuam,
2452 3024 2519 3078 et
2553 3035 2651 3078 ar-

630 3137 820 3181 canas
846 3115 1132 3181 coelestes
1156 3113 1567 3204 cogitationes
1587 3116 1748 3182 indit
1771 3117 1884 3182 tibi
1902 3165 1921 3194 ,
1946 3130 2136 3206 atque
2158 3118 2375 3207 incipit
2397 3118 2563 3184 clam
2586 3130 2651 3184 te

627 3220 997 3288 refocillare.
1034 3219 1312 3285 Dimittit
1343 3230 1554 3284 autem
1584 3232 1648 3285 te
1669 3270 1687 3296 ,
1723 3222 1924 3289 donec
1959 3224 2298 3300 erudiaris,
2328 3234 2391 3289 et
2416 3225 2483 3290 in
2504 3224 2649 3313 ipsis

630 3325 1075 3393 afflictionibus
1099 3323 1312 3412 dirigit
1334 3334 1396 3388 te
1416 3322 1648 3411 gratia:
1676 3347 1814 3414 quae
1834 3327 1946 3392 uhi
1971 3350 2007 3397 a
2028 3348 2239 3416 pugna
2262 3329 2345 3394 ad
2373 3329 2647 3416 quietem

624 3434 1018 3520 perveneris,
1055 3430 1559 3517 cognoscendam
1596 3430 1713 3496 tibi
1754 3455 1821 3497 se
1858 3433 2055 3521 ipsam
2098 3434 2323 3510 tradit,
2373 3446 2447 3499 et
2480 3456 2647 3499 com-

623 3547 936 3602 monstrat
991 3535 1106 3600 tibi
1149 3556 1216 3599 se
1255 3535 1337 3602 ad
1371 3537 1872 3602 emolumentum
1918 3551 2096 3603 tuum
2145 3536 2529 3627 permisisse,
2573 3548 2646 3601 ut

622 3639 992 3706 exercearis.
1027 3638 1295 3705 Perinde
1316 3661 1392 3705 ac
1422 3640 1475 3706 si
1504 3640 1583 3706 sit
1611 3641 1817 3705 divitis
1841 3629 2383 3731 cujusdam'puer,
2407 3640 2517 3726 qui
2539 3639 2646 3705 ha-

622 3746 771 3812 beat
814 3747 1262 3835 paedagogum,
1313 3746 1533 3812 tandiu
1575 3744 1833 3831 quidem
1884 3747 2033 3813 loris
2091 3749 2274 3815 illum
2320 3745 2535 3819 caediu
2581 3756 2647 3809 et

620 3851 943 3939 castigatio
966 3900 983 3927 ,
1022 3853 1279 3916 vulnera
1326 3871 1398 3914 ac
1441 3851 1639 3937 plagae
1678 3852 1958 3917 molestae
1994 3853 2055 3917 ei
2083 3853 2401 3928 videntur,
2440 3854 2643 3915 donec

614 3956 824 4027 evadit
843 3956 908 4023 in
937 3955 1180 4030 virum3
1211 3967 1366 4021 tunc
1391 3976 1538 4020 vero
1563 3953 1784 4043 incipit
1815 3967 2064 4043 gratum
2097 3978 2164 4030 se
2190 3954 2493 4044 ephibere
2523 3974 2645 4060 1>ae-

2604 4075 2621 4104 N
