2982 4885
670 490 763 590 96
1345 507 1393 548 s.
1449 504 1710 548 naemu
1761 502 2032 549 aaroni

676 593 1223 716 comprehendere
1252 644 1382 689 non
1406 622 1706 712 potuisti,
1740 620 2151 712 cogitationes
2178 619 2293 692 Dei
2317 632 2513 711 atque
2533 646 2712 692 men·

673 745 802 796 tem
833 729 943 794 Dei
980 729 1304 816 quomodo
1329 739 1510 816 potes
1534 727 1819 792 scutarii*

765 833 908 901 XII.
968 831 1202 899 Verum
1236 844 1307 897 tu
1339 844 1650 921 quantum
1686 832 1961 909 iuvenis,
1995 833 2115 899 ede
2145 855 2373 921 panem
2394 883 2412 910 ,
2462 857 2536 902 ac
2578 836 2712 903 uni-

676 961 919 1005 versam
938 951 1181 1024 ‘terram
1213 938 1499 1012 dimitte;
1533 951 1599 1003 et
1637 937 1738 1002 abi
1770 938 1853 1003 ad
1886 937 2090 1027 ripam
2115 936 2430 1016 fluminis,
2465 963 2539 1007 ac
2568 942 2710 1010 bibe

677 1058 986 1134 quantum
1016 1044 1260 1133 indiges
1283 1089 1301 1115 .
1335 1065 1483 1108 mox
1513 1042 1683 1117 redi.
1720 1066 1837 1108 nec
1881 1043 2129 1133 inquire
2153 1046 2323 1110 uude
2362 1061 2707 1135 permanet,

680 1165 789 1218 aut
823 1150 1144 1239 'quomodo
1192 1149 1367 1215 fluat.
1410 1148 1577 1215 Nava
1610 1172 1872 1239 operam
1896 1201 1913 1226 ‚
1967 1164 2040 1216 ut
2089 1164 2346 1218 sanetur
2379 1174 2494 1241 pes
2533 1143 2709 1230 tuus,

679 1269 787 1322 aut
807 1256 1067 1322 morbus
1091 1255 1260 1320 oculi
1281 1253 1373 1321 tui
1394 1305 1413 1330 ,
1445 1266 1519 1319 ut
1542 1254 1807 1343 aspicias
1833 1259 2053 1321 lumen
2079 1254 2228 1322 solis
2247 1306 2263 1329 .
2310 1279 2432 1323 nec
2471 1258 2714 1323 curiose

680 1349 939 1452 indages
986 1358 1599 1449 quantumiuminis
1644 1361 1969 1425 contineat
2022 1363 2115 1425 sol
2156 1408 2174 1435 ,
2237 1373 2354 1426 aut·
2396 1361 2458 1426 in
2523 1374 2715 1451 quoto

679 1479 940 1556 exurgat
976 1464 1174 1556 signo.
1238 1465 1433 1547 Quod
1470 1464 1643 1531 cedit
1680 1465 1744 1530 in
1792 1463 2204 1531 commodum
2238 1478 2418 1533 tuum
2472 1465 2707 1555 accipe.

679 1571 762 1640 Et
789 1571 945 1663 quid
974 1569 1261 1639 ascendis
1284 1582 1534 1638 montes
1553 1621 1573 1650 ,
1604 1583 1672 1638 et
1701 1571 2035 1662 investigas
2056 1622 2072 1648 ,
2107 1559 2264 1662 iluot
2301 1572 2430 1644 illic
2461 1592 2719 1660 pascan-

676 1689 783 1743 tur
803 1679 1020 1764 onagri
1039 1688 1146 1742 aut
1168 1677 1434 1741 bestiae?
1464 1690 1531 1743 et
1554 1680 1826 1764 puellus,
1861 1679 2119 1764 qnando
2143 1678 2393 1740 accedit
2421 1679 2501 1740 ad
2525 1675 2721 1741 ubera

679 1781 899 1844 matris
926 1826 943 1851 ‚
987 1780 1260 1841 lactatur
1295 1789 1361 1840 et
1399 1780 1736 1841 enutritur.
1782 1777 1868 1841 At
1899 1777 2097 1840 noscit
2132 1777 2401 1840 scrutari
2440 1779 2732 1844 radicem

681 1894 791 1946 aut
824 1876 1268 1964 scaturiginem
1290 1926 1307 1951 ‚
1357 1878 1531 1940 unde
1564 1877 1654 1942 sic
1696 1877 1930 1941 affluat.
1970 1877 2153 1965 Sugit
2185 1876 2357 1940 enim
2387 1878 2485 1941 lac
2523 1891 2591 1943 et
2632 1903 2738 1948 re-

679 1986 931 2075 gionem
963 2001 1217 2046 omnem
1250 1977 1676 2046 mamillarum
1707 1980 2000 2046 exhaurit
2035 2004 2052 2045 :
2081 1993 2146 2047 et
2177 1979 2388 2045 denuo
2413 1978 2533 2044 alia
2566 1979 2727 2049 hora

677 2092 956 2178 repletur
988 2085 1299 2162 mamilla,
1329 2086 1582 2177 hocque
1604 2110 1810 2176 neque
1842 2089 2088 2176 puellus
2121 2086 2326 2163 novit,
2367 2105 2574 2173 neque
2596 2109 2725 2156 ma·

677 2208 776 2259 ter
804 2192 977 2280 ejus,
1022 2193 1309 2281 quamvis
1346 2217 1567 2259 revera
1601 2195 1680 2260 ab
1715 2194 2015 2260 omnibus
2051 2193 2357 2260 membris
2392 2192 2722 2280 proveniat

676 2301 795 2366 lac.
831 2297 899 2364 Si
939 2296 1167 2388 quaeris
1211 2321 1364 2389 ergo
1412 2299 1762 2365 Dominum
1794 2299 1859 2365 in
1901 2299 2259 2389 profundo,
2299 2298 2427 2363 illic
2482 2297 2717 2364 invenis

679 2428 826 2473 eum
862 2405 1034 2495 signa
1067 2402 1424 2473 facientem.
1457 2403 1524 2469 Si
1548 2404 1776 2493 quaeris
1799 2427 1947 2471 eum
1974 2405 2039 2472 in
2070 2404 2285 2481 fovea,
2323 2403 2451 2471 illic
2481 2403 2713 2472 invenis

674 2535 822 2595 eum
873 2511 939 2578 in
988 2507 1199 2579 medio
1245 2512 1521 2577 duorum
1566 2511 1897 2588 leonum¹,
1955 2523 2438 2578 conservantem
2476 2509 2711 2597 justum

670 2618 1019 2685 Danielem.
1062 2616 1127 2684 Si
1158 2616 1386 2701 quaeris
1420 2638 1571 2680 cum
1607 2615 1670 2679 in
1696 2616 1825 2704 igni
1856 2664 1874 2687 .
1921 2616 2049 2682 illic
2087 2616 2328 2683 invenis
2357 2639 2504 2681 eum
2540 2616 2714 2681 auxi-

681 2722 839 2788 lium
876 2719 1185 2785 serentem
1227 2718 1533 2783 ministris
1576 2718 1765 2785 suis².
1815 2719 1880 2785 Si
1924 2723 2150 2811 quaeris
2181 2745 2328 2789 cnm
2368 2723 2432 2787 in
2466 2735 2708 2804 monte,
2799 2710 2830 2749 '⁸

673 2826 802 2893 illic
835 2822 1073 2911 reperis
1106 2844 1254 2885 eum
1280 2844 1428 2885 cum
1460 2822 1597 2887 Elia
1629 2836 1694 2911 et
1722 2822 1955 2891 Mose⁸.
1997 2826 2246 2916 Ubique
2271 2826 2459 2916 igitur
2487 2839 2616 2903 est,
2648 2834 2710 2891 et

671 2932 976 2998 subterra
997 2978 1016 3004 ,
1051 2949 1241 3015 quam
1268 2950 1458 3018 super
1489 2927 1664 2994 coelis
1684 2978 1703 3004 ,
1728 2928 1920 2997 etiam
1942 2933 2112 3020 apud
2135 2955 2248 2997 nos
2272 2982 2289 3007 ‚
2325 2931 2557 3019 ubique
2585 2943 2700 2997 est.

675 3036 779 3102 Sic
825 3055 1080 3124 quoque
1114 3031 1320 3098 anima
1361 3052 1564 3123 prope
1605 3046 1669 3099 te
1702 3047 1830 3112 est,
1873 3036 2036 3103 intra
2073 3049 2136 3105 te
2163 3050 2298 3115 cst,
2339 3050 2404 3104 et
2443 3049 2618 3104 extra
2645 3048 2712 3104 te

667 3153 783 3207 est.
841 3137 960 3204 Ubi
999 3137 1170 3203 euim
1214 3139 1528 3215 volueris,
1581 3139 1647 3210 in
1692 3142 1953 3208 remotis
1997 3144 2399 3233 regionibus,
2443 3145 2569 3211 illic
2613 3156 2713 3210 est

668 3268 847 3312 mens
874 3256 979 3310 tua
1003 3294 1020 3320 ,
1056 3243 1273 3309 sivein
1297 3243 1633 3313 occidente
1649 3293 1672 3320 ,
1705 3244 1922 3313 sivein
1946 3248 2192 3317 oriente
2208 3299 2226 3327 ,
2256 3250 2473 3318 sivein
2498 3249 2671 3316 coelis
2691 3300 2711 3325 .

674 3352 803 3419 illic
835 3352 1169 3418 invenitur.

755 3456 929 3523 XIII.
986 3457 1368 3524 Studeamus
1400 3456 1594 3545 igitur
1625 3458 1933 3548 imprimis
1965 3459 2321 3529 cauterium
2344 3475 2409 3529 et
2433 3461 2713 3549 sigillum

662 3558 918 3631 Domini
948 3561 1013 3628 iu
1046 3561 1228 3629 uobis
1250 3560 1486 3629 habere
1517 3586 1533 3628 ε
1568 3563 1715 3653 quin
1732 3564 1794 3630 in
1820 3565 1920 3631 die
1937 3565 2195 3653 judicii,
2227 3568 2387 3633 sacta
2414 3587 2712 3654 segrega-

665 3669 841 3737 tione
876 3669 980 3735 illa
1022 3692 1054 3734 a
1098 3668 1237 3734 Deo
1260 3719 1277 3743 ,
1329 3681 1394 3734 et
1438 3671 1835 3759 congregatis
1868 3672 2164 3739 omnibns
2196 3673 2490 3739 tribubus
2520 3682 2708 3737 terra

663 3778 971 3844 universae
1000 3776 1151 3842 Adoe
1172 3825 1189 3851 ,
1224 3780 1475 3865 quando
1501 3777 1753 3843 vocabit
1777 3792 1995 3867 pastor
2015 3803 2201 3846 suum
2229 3802 2487 3871 gregem
2508 3829 2528 3856 ‚
2564 3776 2709 3867 qui-

668 3905 944 3971 cumque
963 3882 1314 3948 cauterium
1342 3880 1708 3959 habuerint,
1737 3901 2126 3973 cognoscent
2149 3899 2472 3977 pastorem
2494 3905 2706 3964 suum,

735 4032 753 4058 ⁸
776 4019 902 4075 Dan.
935 4035 1003 4080 vt,
1030 4035 1106 4085 ιγ.
1125 4046 1182 4057 --
1209 4032 1227 4056 θ
1256 4020 1330 4070 Id.
1358 4038 1439 4083 tn,
1462 4020 1614 4079 28‚·-
1645 4023 1668 4065 ³
1698 4021 1874 4081 Hau).
1899 4039 2022 4085 xvn,
2046 4023 2096 4081 5,
