2982 4885
1059 557 1323 606 nemu
1365 559 1542 606 mss.
2196 537 2320 608 15³

280 677 587 750 thesauro
614 688 684 746 ct
710 675 1143 764 spiritualibus
1172 678 1454 744 divitiis?
1487 678 1722 746 vorum
1756 677 1962 742 anima
1982 726 2001 753 ,
2027 697 2168 766 quas
2187 677 2320 744 Do·

284 784 532 850 minum
558 831 579 858 ,
615 805 728 871 per
769 783 1312 872 investigationem
1350 783 1623 872 Spiritus
1647 836 1664 861 ,
1710 782 1900 851 fidem
1943 806 2016 850 ac
2055 787 2322 851 multam

283 889 674 977 patientiam,
694 911 912 954 verum
937 912 1163 978 nempe
1183 889 1549 954 thesaurum
1578 889 1834 978 reperit,
1865 889 2108 954 fructus
2132 889 2325 978 Spiri-

284 1007 387 1064 tus
410 994 728 1083 producit,
748 1008 821 1061 ut
835 995 1212 1070 dictumest,
1231 996 1470 1084 alisque
1481 995 1658 1062 omni
1678 996 1918 1070 labore,
1938 1015 2324 1085 omnemque

281 1099 588 1187 justitiam
621 1122 696 1167 ac
730 1112 1045 1191 praccepta
1068 1101 1361 1178 Domini,
1393 1120 1534 1190 qum
1560 1101 1832 1192 Spiritus
1853 1099 2218 1176 mandavit,
2255 1100 2321 1168 in

285 1227 385 1282 se,
420 1220 485 1273 et
514 1229 628 1296 per
654 1230 758 1284 se,
791 1231 950 1298 pure
977 1220 1046 1273 et
1073 1207 1316 1298 integre
1334 1258 1353 1285 ,
1386 1220 1454 1276 et
1480 1210 1617 1274 sine
1653 1207 2145 1298 reprehensione
2175 1230 2327 1297 per-

283 1311 439 1380 ficit.

372 1418 475 1485 IV.
531 1419 662 1485 Aut
692 1441 911 1485 rursus
950 1419 1071 1485 alio
1114 1431 1374 1484 utamur
1404 1419 1716 1506 exemplo.
1757 1418 2318 1496 Quemadmodum

290 1523 342 1590 si
378 1523 458 1589 sit
494 1524 719 1608 aliquis
741 1525 948 1596 dives,
982 1524 1089 1609 qui
1118 1546 1266 1587 cum
1307 1544 1556 1586 coeuam
1594 1522 2091 1609 exquisitissimis
2128 1523 2320 1586 rebus

291 1627 668 1693 instructam
712 1641 1056 1713 praeparet,
1092 1647 1172 1694 ex
1212 1626 1443 1690 divitiis
1480 1628 1609 1691 suis
1645 1638 1711 1691 et
1758 1625 2092 1700 thesauro,
2137 1643 2330 1713 quem

289 1731 607 1822 possidet,
640 1742 929 1818 sumptus
961 1730 1143 1806 facit,
1172 1752 1290 1795 nec
1322 1731 1584 1806 metuit,
1613 1753 1694 1796 ne
1724 1730 1841 1795 sihi
1863 1731 2096 1819 aliquid
2129 1730 2328 1819 desit,

292 1836 537 1902 divitias
567 1836 799 1901 multas
820 1835 1165 1925 possidenti
1190 1857 1208 1900 ε
1234 1836 1449 1925 sicque
1471 1839 1643 1903 laute
1663 1849 1728 1902 et
1751 1837 2079 1924 splendide
2109 1836 2325 1901 convi-

288 1966 395 2014 vas
428 1967 463 2009 u
494 1966 562 2008 se
595 1955 852 2008 vocatos
885 1943 1233 2020 exhilarat,
1266 1944 1454 2009 variis
1493 1965 1566 2009 ac
1598 1943 1773 2008 novis
1812 1942 2082 2008 subinde
2125 1964 2327 2032 appo-

292 2050 422 2116 sitis
446 2049 621 2114 cibis.
663 2049 746 2116 At
772 2072 1016 2139 pauper
1045 2050 1155 2137 qui
1178 2063 1312 2126 est,
1352 2050 1657 2138 omnique
1688 2071 1904 2115 rerum
1940 2048 2330 2115 abnndantia

293 2156 657 2231 destitutus,
699 2156 749 2221 si
785 2155 1054 2221 voluerit
1100 2155 1482 2241 quibusdam
1524 2177 1775 2221 coenam
1815 2176 2118 2244 apparare
2142 2204 2159 2230 ,
2191 2176 2330 2219 mu-

291 2273 507 2328 tuatur
542 2260 778 2333 omnia,
804 2262 905 2324 vel
926 2260 1127 2346 ipsam
1142 2260 1670 2346 suppellectilem,
1699 2271 1931 2332 vestes,
1961 2279 2033 2323 ae
2055 2259 2329 2344 reliquas

293 2362 535 2454 species
562 2384 580 2425 ε
609 2361 826 2448 sicque
849 2374 1064 2449 postea
1088 2409 1106 2434 ,
1136 2363 1249 2424 ubi
1283 2362 1673 2426 coenaverint
1691 2365 1845 2449 ,vqui
1875 2376 2057 2429 erant
2086 2363 2293 2427 vocati
2311 2412 2329 2438 ,

293 2483 368 2539 ut
391 2468 530 2535 ficri
547 2467 708 2534 solet
731 2467 796 2531 in
813 2466 1099 2531 convivio
1123 2465 1435 2553 pauperis,
1461 2465 1738 2552 denique
1759 2467 2127 2552 unicuique,
2153 2467 2331 2531 unde

295 2569 2333 2660 mutuosnmpserat.restituitsuppellectiiemargenteum,vestes

301 2701 377 2747 sc
398 2677 716 2765 reliquum
739 2685 1032 2741 ornatum
1062 2697 1079 2739 ε
1113 2674 1346 2762 quibus
1368 2675 1667 2740 omnibus
1704 2675 2052 2763 unicuique
2080 2672 2168 2740 sie
2202 2696 2339 2740 res-

300 2783 530 2860 titutis,
554 2782 684 2871 ipse
703 2805 947 2872 pauper
969 2804 1041 2847 ac
1064 2784 1274 2848 nudus
1288 2793 1594 2859 remanet,
1622 2804 1750 2848 non
1774 2781 2014 2848 habens
2038 2780 2329 2871 proprias

295 2890 645 2963 facultates,
679 2911 758 2954 ex
778 2888 1010 2976 quihus
1042 2890 1248 2977 pessit
1278 2888 1578 2953 recreari.

385 2994 457 3060 V.
512 2994 616 3061 Sic
653 3016 946 3083 qunque,
981 2995 1091 3081 qui
1127 3007 1275 3060 sunt
1303 2992 1541 3084 Spiritu
1571 3004 1789 3060 sancto
1817 2995 2207 3083 locupletes,
2252 3012 2328 3059 ac

297 3101 585 3167 coelestes
608 3098 856 3166 divitias
887 3121 1120 3165 revera·
1137 3099 1487 3177 consecuti,
1514 3099 2030 3166 communionem
2063 3098 2334 3188 Spiritus

300 3204 364 3270 in
396 3228 464 3272 se
502 3206 782 3280 habent,
827 3206 879 3277 si
911 3206 1290 3295 quibusdam
1319 3206 1513 3272 verba
1551 3205 1831 3287 veri-tatis
1862 3208 2238 3297 loquantur,
2271 3212 2340 3270 et

299 3332 656 3376 sermonem
696 3311 1085 3401 spiritualem
1120 3313 1499 3400 quibusdam
1537 3312 2049 3387 communicent,
2087 3329 2161 3374 ac
2199 3308 2333 3373 ani-

299 3437 432 3480 mas
452 3414 716 3482 reficere
739 3417 1080 3483 statuerint
1104 3443 1124 3491 ς
1158 3417 1535 3506 expropriis
1572 3418 1800 3508 opibus
1819 3465 1838 3492 ,
1864 3428 1930 3482 et
1955 3435 2034 3481 ex
2064 3412 2325 3502 proprio

299 3518 834 3609 thesauro,·quem
856 3522 1184 3612 possident
1204 3524 1373 3609 apud
1396 3544 1487 3596 se,
1519 3544 1598 3585 ex
1618 3544 1718 3598 eo,
1753 3523 2038 3608 inquam,
2065 3522 2335 3606 loquun-

301 3633 444 3695 tur,
485 3646 563 3688 ex
602 3648 814 3714 eoque
867 3625 1170 3693 reficiunt
1220 3625 1456 3690 animas
1503 3626 1894 3688 audientium
1943 3623 2335 3709 spiritualem

306 3746 664 3793 sermonem
685 3778 702 3806 ,
735 3754 854 3796 nec
873 3733 1357 3820 pertimescunt,
1385 3751 1467 3796 ne
1496 3726 1649 3816 quid
1680 3727 1797 3793 sibi
1822 3725 1986 3792 desit
2012 3749 2027 3787 ε
2063 3746 2139 3790 eo
2169 3727 2341 3811 quod

303 3826 671 3920 possideant
701 3833 766 3896 in
788 3856 854 3897 se
883 3840 1206 3902 coelestom
1235 3834 1538 3901 bonitatis
1561 3833 1952 3906 thesaurum,
1986 3852 2024 3895 e
2054 3848 2181 3919 quo
2197 3848 2340 3919 pro·

301 3934 521 4000 ferunt
548 3946 625 3999 et.
642 3950 929 4002 recreant
965 3962 1105 4014 eos,
1134 3940 1243 4026 qui
1272 3940 1578 4029 spirituali
1607 3938 1753 4004 cibo
1790 3946 2150 4002 vescuntur.
2180 3932 2339 4002 Pan·

306 4063 423 4131 per
443 4063 592 4108 vero
609 4092 628 4119 ,
665 4040 778 4131 qui
800 4063 921 4107 nec
955 4044 1196 4111 divitias
1227 4045 1459 4113 Christi
1482 4045 1799 4134 possidet,
1826 4063 1947 4110 nec
1981 4040 2335 4132 spirituales
2439 4036 2446 4044 ’
