2982 4885
1096 529 1357 592 nonnul
1404 515 1463 595 ἰ.
1591 541 1598 546 ’
2214 525 2311 616 7’9

260 685 331 748 ac
370 655 687 738 sitibunda
720 687 836 755 per
866 662 1060 730 fidem
1107 679 1172 732 et
1211 666 1618 746 dilectionem
1661 664 1724 730 in
1756 665 2050 754 precibus
2090 688 2299 754 perse-

257 775 535 840 verando
554 823 572 849 ‚
612 772 907 862 mysteria
934 772 1149 859 gratiae
1172 821 1190 847 ,
1225 785 1291 838 et
1314 795 1574 837 omnem
1599 784 1831 836 statum
1853 771 2102 837 virtutis
2132 796 2299 839 sum-

256 902 516 966 mopere
546 879 822 969 appetit,
871 899 1089 942 amore
1129 875 1401 966 Spiritus
1436 877 1714 943 coelestis
1750 878 2062 953 sauciata,
2102 892 2166 943 et
2195 903 2298 945 ar-

258 985 412 1050 dens
441 982 828 1049 desiderium
863 977 1134 1049 coelestis
1159 979 1411 1071 Sponsi,
1445 1006 1562 1072 per
1584 982 1877 1071 gratiam,
1914 1005 2108 1070 quam
2137 984 2200 1048 in
2231 1008 2299 1051 se

236 1081 508 1192 'semper
531 1088 760 1165 habet,
793 1090 1105 1165 excitans,
1151 1090 1515 1155 desiderans
1545 1090 1825 1182 perfecte
1858 1089 2042 1176 digna
2077 1088 2300 1157 haberi

260 1176 525 1281 niffsti‘ca
550 1180 652 1259 εἰ
639 1197 905 1270 areana,
933 1193 998 1258 in
1032 1177 1532 1260 sanctificatione
1549 1185 1824 1280 Spiritus
1854 1217 2001 1259 cum
2027 1201 2103 1259 'eo
2129 1197 2300 1261 com-

259 1299 610 1384 munione,
664 1314 903 1367 retecta
955 1302 1178 1366 animae
1232 1301 1446 1376 facie,
1509 1298 1725 1364 defixis
1791 1291 2040 1390 semper
2098 1305 2299 1370 oculis

260 1393 563 1492 :ispiciens
602 1403 921 1496 Sponsum
951 1408 1315 1481 coelestem,
1353 1404 1516 1470 facie
1557 1401 1634 1468 ad
1677 1403 1928 1480 faciem,
1968 1405 2032 1469 in
2058 1406 2299 1475 lumine

264 1495 569 1594 spirituali
602 1517 668 1574 et
700 1511 1041 1585 ineffabili,
1075 1487 1349 1576 admista
1384 1510 1497 1575 ei
1478 1533 1546 1574 ιιι
1583 1508 1757 1572 omni
1797 1510 2178 1577 certitudine
2220 1515 2301 1580 fi-.

268 1612 411 1687 dei,
463 1612 855 1701 configurata
903 1614 1096 1678 morti
1138 1616 1327 1701 ejus,
1369 1616 1630 1678 summis
1679 1615 1838 1679 votis
1886 1638 2004 1702 pro
2055 1617 2306 1685 Christo

264 1731 539 1787 mortem
573 1731 875 1808 oppetere
912 1737 1165 1807 semper
1193 1721 1453 1808 sperans
1483 1767 1501 1794 ‚
1537 1731 1604 1784 et
1635 1740 1670 1783 a
1702 1720 1982 1806 peccatis
2018 1737 2092 1786 ae
2130 1725 2311 1791 tene-

262 1824 465 1894 brasis
508 1813 946 1892 affectionibus
994 1824 1440 1891 liberationem
1484 1823 1790 1910 consequi
1842 1845 1958 1912 per
1999 1824 2306 1914 Spiritum

264 1942 438 1996 certo
471 1953 542 1996 ac
569 1933 756 2021 plene
780 1933 1049 1997 credens
1088 1956 1106 1993 ι
1132 1943 1206 1995 ut
1228 1928 1564 2019 purificata
1583 1952 1698 2018 per
1715 1926 2060 2016 Spiritum,
2093 1935 2306 2003 anima

268 2058 339 2101 ac
382 2057 648 2126 corpore
691 2035 1123 2114 sanctificata,
1158 2057 1298 2126 quae
1342 2060 1447 2103 vas
1485 2058 1723 2125 purum
1760 2037 1840 2100 ad
1871 2038 2304 2126 recipiendam

267 2142 585 2208 coelestem
635 2143 1044 2220 unctionem,
1098 2156 1162 2209 et
1208 2166 1349 2231 quae
1390 2141 1699 2208 habitatio
1744 2142 2014 2210 coelestis
2067 2157 2136 2210 et
2178 2151 2312 2217 veri

266 2246 426 2335 regis
460 2233 696 2318 Christi
725 2247 872 2323 fiat,
900 2241 1091 2342 digna
1123 2228 1218 2313 sit.
1256 2249 1337 2313 Et
1366 2259 1522 2313 tunc
1546 2246 1787 2313 coelesti
1817 2247 1943 2314 vita
1969 2249 2156 2340 digna
2186 2253 2306 2321 ha·-

268 2351 483 2438 betur,
519 2327 958 2416 habitaculum
994 2375 1229 2439 purum
1259 2335 1531 2439 Spiritus
1563 2352 1765 2417 sancti
1800 2352 1945 2419 inde
1969 2356 2215 2428 effecta.

348 2432 439 2523 V.
484 2431 590 2521 Ad
617 2476 769 2518 eum
800 2468 1013 2521 autem
1048 2476 1251 2542 usque
1266 2457 1553 2573 gradum
1584 2468 1657 2519 ut
1698 2453 1908 2517 anima
1940 2464 2264 2546 perveniat
2290 2512 2318 2544 ,

178 2610 191 2619 .
271 2581 481 2646 neque
520 2582 647 2624 una
683 2581 874 2647 opera
905 2559 1156 2637 statim,
1198 2581 1405 2646 neque
1444 2558 1581 2626 sine
1609 2560 2033 2649 probatione:
2071 2562 2182 2630 sed
2203 2591 2318 2657 per

273 2650 524 2730 labores
547 2676 613 2735 et
636 2665 981 2731 certamina
1011 2668 1246 2742 multa,
1271 2688 1391 2758 per
1412 2667 1617 2759 longa
1634 2680 1996 2759 temporum
2024 2672 2224 2758 spatia
2252 2688 2319 2765 et

274 2760 519 2843 studia,
564 2792 713 2835 cum
747 2769 1122 2858 probatione
1161 2783 1225 2837 et
1263 2772 1720 2841 tentationibus
1762 2775 1947 2843 variis
1991 2776 2315 2865 spirituale

277 2868 715 2973 augmentum
730 2899 802 2945 ac
849 2878 1318 2957 incrementum
1353 2880 1582 2957 sumit,
1618 2907 1821 2972 usque
1851 2885 1933 2950 ad
1962 2885 2316 2972 perfectum

278 2980 603 3079 vacuitatis
640 2956 1050 3076 affectionum
1091 2987 1361 3074 gradum
1404 2984 1665 3053 demum
1701 2989 2070 3083 pertingat:
2113 3002 2186 3055 ut
2233 2994 2314 3057 ad
2407 3039 2428 3053 ι

278 3072 531 3153 omnem
551 3071 1016 3184 tentationem,
1055 3114 1195 3180 quae
1229 3080 1570 3181 anequitia
1591 3093 1937 3171 invehitur,
1964 3088 2210 3165 sortiter
2241 3120 2315 3164 ac

280 3205 536 3281 strenue
562 3162 947 3287 perdurans,
981 3197 1291 3264 maximos
1314 3198 1630 3275 honoreS,
1653 3212 1719 3273 et
1756 3201 1916 3283 dona
1944 3170 2318 3289 spiritualia,

282 3274 651 3395 ‹livitiasque
675 3300 960 3395 coelestes
984 3317 1410 3393 consequatur
1429 3354 1448 3382 ,
1481 3305 1660 3373 etsie
1684 3305 1958 3375 coelestis
1982 3306 2159 3394 regni
2187 3308 2342 3395 baa--e

284 3424 382 3468 res
411 3405 634 3470 evadat
671 3406 737 3472 in
781 3408 937 3474 Jesu
971 3396 1225 3474 Christo
1269 3411 1547 3479 Domino
1576 3425 1793 3479 nostro
1823 3460 1842 3486 ,
1880 3411 1986 3479 cui
2021 3411 2220 3499 gloria
2255 3426 2339 3497 et,

285 3506 623 3605 imperinm
644 3511 712 3579 in
733 3516 981 3589 saecula.
1017 3514 1246 3585 Amen.
1280 3564 1285 3575 -
