2982 4885
1083 530 1339 574 neuun
1388 530 1578 573 xun.
2229 520 2380 606 393.

314 641 705 718 sermonem,
758 667 939 710 sume
982 643 1139 709 mihi
1180 667 1293 733 per
1341 645 1555 710 omnia
1599 644 2081 717 similitudinem
2128 655 2208 719 ad
2257 678 2359 720 res

315 747 685 838 spirituales.
1852 761 1858 768 ’

403 854 547 920 ΧΠ.
604 855 816 934 Quam
852 855 1134 945 primum
1162 856 1333 922 enim
1368 857 1578 922 anima
1612 856 1942 946 AEgyptios
1966 852 2223 954 effugit,
2258 888 2364 932 ac·-

318 961 549 1025 cedens
570 960 781 1026 divina
804 961 1084 1048 potentia
1116 961 1491 1049 opitulatur,
1519 963 1848 1028 deducens
1870 987 2012 1032 eam
2034 971 2116 1034 ad
2137 972 2360 1037 verita·

316 1076 466 1132 tem.
499 1062 620 1130 Ubi
648 1086 799 1131 vero
834 1066 1203 1155 cognoverit
1232 1067 1577 1155 spiritualis
1608 1066 1715 1132 ille
1743 1067 2013 1144 Pharao,
2050 1093 2163 1137 rex
2188 1085 2360 1139 tene-

317 1169 578 1235 brarum
610 1170 857 1258 peccati
884 1219 904 1246 ,
941 1169 1217 1238 deficere
1257 1162 1291 1236 a
1325 1195 1392 1239 se
1427 1170 1744 1249 animam,
1781 1185 1846 1238 et
1877 1173 2159 1263 effugere
2183 1178 2360 1266 regni

320 1275 414 1340 sui
445 1274 856 1363 cogitationes
879 1325 897 1351 ,
932 1276 1164 1362 quibus
1188 1276 1344 1342 olim
1369 1277 1775 1342 detinebatur
1793 1303 1811 1352 3
1851 1278 1985 1364 (hae
2004 1281 2177 1347 enim
2211 1295 2363 1348 sunt

322 1379 461 1473 ejus
488 1381 818 1469 facultates
845 1404 865 1454 3
901 1383 924 1466 )
975 1379 1357 1447 existimavit
1384 1403 1457 1447 ac
1498 1403 1676 1468 spem
1704 1380 1825 1447 sibi
1857 1381 2005 1448 fecit
2037 1384 2362 1451 horribilis

323 1487 468 1562 ille,
505 1487 676 1552 illam
710 1507 1108 1551 reversuram
1142 1488 1226 1551 ad
1255 1508 1342 1550 se.
1402 1486 1526 1561 Ubi
1561 1508 1711 1551 vero
1742 1486 2051 1555 intellexit
2084 1489 2363 1555 animam

320 1590 582 1676 omnino
614 1588 848 1654 evitare
887 1611 1068 1653 suam
1107 1589 1546 1677 tyrannidem,
1582 1592 1755 1659 eaede
1788 1590 2364 1682 primogenitorum

319 1707 395 1768 et
429 1694 599 1759 surto
654 1693 1110 1782 cogitationum
1156 1694 1588 1784 impudentius
1634 1697 1956 1770 accurrit,
2006 1696 2240 1763 veritus
2284 1720 2368 1763 ne

320 1799 531 1865 forsan
584 1799 794 1864 anima
842 1820 1103 1887 prorsus
1147 1797 1490 1885 effugiente
1517 1847 1538 1876 ,
1594 1820 1781 1863 nemo
1830 1798 2209 1888 reperiatur,
2259 1801 2368 1888 qui

322 1906 718 1969 voluntatem
760 1914 823 1968 et
860 1925 1019 1992 opus
1050 1925 1238 1967 suum
1270 1904 1548 1989 impleat.
1587 1903 1996 1990 Persequitur
2032 1926 2185 1992 ergo
2219 1926 2364 1970 eam

319 2009 788 2087 afflictionibus,
819 2010 1273 2077 tentationibus
1298 2030 1372 2076 ac
1395 2009 1579 2076 bellis
1603 2009 2038 2075 invisibilibus.
2070 2011 2191 2076 llic
2213 2033 2367 2099 pro-

317 2115 529 2190 batur,
586 2114 689 2180 hic
745 2125 1050 2191 tentatur,
1100 2114 1205 2181 hic
1255 2126 1516 2202 apparet
1569 2137 1792 2206 amor,
1833 2137 1960 2202 quo
2006 2136 2194 2190 eum,
2253 2115 2363 2202 qui

319 2219 536 2287 eduxit
573 2243 653 2284 ex
697 2219 970 2305 AEgypto
993 2266 1012 2292 ,
1062 2219 1513 2304 complectitur
1554 2244 1570 2281 ε
1613 2220 1927 2305 siquidem
1961 2220 2256 2294 traditur,
2294 2231 2369 2286 ut

321 2324 655 2411 probetur,
680 2333 746 2383 et
776 2321 959 2383 variis
992 2320 1195 2383 modis
1221 2332 1523 2385 tentetur.

360 2510 363 2515 f
409 2426 584 2493 Xlll.
639 2423 827 2490 Videt
855 2421 1027 2489 enim
1055 2422 1419 2489 facultatem
1445 2423 1646 2489 hostis
1674 2426 1995 2491 volentem
2031 2425 2275 2493 irruere
2297 2440 2366 2497 et

326 2531 686 2602 interficere
706 2578 724 2604 ,
759 2551 879 2594 nec
923 2540 1130 2593 tamen
1162 2551 1388 2617 posse3
1438 2528 1688 2613 medius
1721 2528 1891 2594 enim
1925 2530 2090 2594 inter
2128 2553 2270 2596 eam
2304 2545 2373 2597 et

327 2635 656 2727 AEgyptios
688 2633 941 2723 spiritus
965 2633 1254 2699 consistit
1278 2633 1612 2699 Dominus.
1644 2634 1905 2722 Spectat
1927 2645 2141 2703 autem
2167 2636 2246 2701 ab
2278 2636 2369 2702 in-

328 2741 544 2809 teriori
583 2753 764 2831 parte
787 2762 963 2805 mare
988 2739 1423 2815 amaritudinis
1456 2751 1522 2804 et
1556 2738 1911 2805 afflictionis
1939 2752 2051 2805 aut
2083 2740 2376 2828 despera·

327 2846 511 2914 tionis
542 2884 562 2922 ,
621 2857 686 2912 et
735 2867 854 2910 nec
909 2845 974 2909 in
1019 2844 1380 2934 posteriora
1425 2845 1777 2932 quidquam
1831 2842 2082 2910 efficere
2118 2856 2371 2933 potest3

327 2953 559 3042 quippe
589 2974 728 3039 quae
763 2950 972 3017 videat
992 2949 1205 3016 hostes
1225 2962 1589 3038 promptos3
1626 2970 1744 3014 nee
1771 2947 1835 3014 in
1859 2948 2176 3016 anteriora
2197 2972 2368 3016 sece-

327 3061 477 3124 dere
494 3083 513 3133 3
553 3067 762 3123 metus
794 3056 964 3122 enim
994 3055 1215 3121 mortis
1239 3103 1256 3130 ,
1291 3066 1357 3120 et
1379 3077 1602 3144 graves
1641 3076 1716 3119 ac
1743 3054 1928 3120 variae
1951 3054 2325 3122 afflictiones
2347 3103 2369 3133 ,

326 3165 560 3252 quihus
581 3162 1044 3238 circumdatur,
1078 3174 1353 3227 mortem
1385 3161 1466 3226 ob
1496 3161 1715 3227 oculos
1738 3160 1797 3225 ei
1826 3175 2094 3250 ponunt.
2130 3162 2374 3248 Despe-

327 3281 425 3335 rat
474 3290 624 3357 ergo
675 3270 754 3333 de
798 3291 865 3333 se
914 3268 1043 3357 ipsa
1065 3318 1082 3344 ,
1140 3267 1520 3333 sententiam
1574 3266 1798 3332 mortis
1850 3267 1915 3331 in
1959 3289 2027 3331 se
2079 3264 2321 3329 habeus
2350 3314 2369 3339 ,

330 3375 573 3448 anima,
607 3386 867 3463 propter
898 3374 1406 3449 circumdantem
1439 3373 1615 3437 illam
1651 3373 1968 3437 malorum
2010 3368 2372 3436 multitudi-

330 3502 499 3545 nem.
528 3479 609 3543 Et
632 3480 741 3544 ubi
760 3475 1158 3565 conspexerit
1183 3477 1352 3537 Deus
1371 3488 1548 3569 metu
1572 3475 1793 3540 mortis
1818 3471 2048 3539 collabi
2066 3473 2369 3550 animam,

329 3581 706 3670 hostemque
762 3583 843 3646 ad
887 3601 1028 3645 eam
1074 3575 1539 3640 absorbendam
1579 3576 2126 3665 promptissimum
2168 3623 2187 3649 ,
2238 3588 2377 3642 tum

333 3686 575 3779 praebet
615 3688 874 3772 quidem
915 3684 1223 3772 exiguum
1250 3680 1554 3745 auxilium
1586 3728 1602 3753 ,
1652 3681 2030 3768 longanimis
2061 3682 2208 3769 erga'
2243 3682 2379 3747 aui-

314 3810 506 3869 ·mam
528 3836 548 3864 ,
581 3800 644 3852 et
680 3789 958 3878 probans
990 3808 1163 3862 eam,
1204 3785 1371 3850 auin
1396 3781 1525 3850 fide
1550 3795 1714 3859 stet,
1756 3797 1820 3849 et
1859 3806 1939 3850 an
1972 3784 2378 3855 dilectionem

335 3917 650 3985 ergacum
665 3895 914 3964 habeat.
945 3896 1167 3964 Talem
1183 3893 1355 3961 euim
1386 3893 1560 3960 Deus
1582 3890 1914 3963 constituit
1935 3890 2099 3959 viam
2122 3938 2141 3970 ,
2178 3893 2377 3960 dedu-

336 4011 590 4078 centem
634 4002 715 4071 ad
753 4001 975 4080 vitam,
1026 4001 1257 4095 degere
1300 3997 1365 4069 iu
1406 3997 1786 4076 afflictione,
1835 3997 1900 4068 in
1930 3994 2278 4097 angustia.
2310 3994 2375 4066 iu
