2982 4885
1107 542 1365 636 tomi
1409 546 1581 661 ειη.
2242 522 2368 668 {53

1145 800 1545 858 RESPONSIO.

412 996 614 1064 Antea
654 995 781 1063 dixi
826 1012 1160 1087 peccatum
1193 1000 1383 1067 simul
1399 972 1710 1069 eradicari
1735 1001 2225 1103 ,hominemque
2250 1012 2357 1111 rof·

326 1102 536 1191 cipere
576 1100 850 1192 primam
903 1105 1347 1174 formationem
1394 1102 1536 1196 puri
1575 1108 1746 1177 Adae.
1790 1111 1868 1176 11²
1852 1133 1908 1177 c
1942 1113 2251 1200 quidem
2241 1108 2363 1211 per

324 1207 622 1274 virtutem
643 1209 937 1298 Spiritus,
966 1236 1038 1278 ac
1065 1215 1608 1303 regenerationem
1630 1216 2020 1305 spiritualem
2041 1220 2366 1309 progredi-

325 1322 428 1376 tur
464 1316 541 1378 ad
570 1317 836 1403 gradum
866 1317 1272 1406 perfectionis
1299 1319 1527 1389 Adami
1561 1320 1775 1413 primi,
1822 1321 2019 1412 fitque
2053 1338 2361 1421 praestan-

324 1417 447 1482 tior
476 1441 596 1484 eo.
630 1420 991 1507 siquidem'
975 1447 1040 1489 m
1072 1428 1340 1491 deorum
1378 1449 1718 1492 numerum
1750 1426 2021 1497 refertur
2051 1429 2264 1503 homo.

1043 1668 1050 1676 ·
1083 1638 1633 1695 INTERROGATIO.

407 1831 520 1898 111.
579 1831 827 1899 Utrum
853 1834 1151 1902 Satanas
1185 1838 1280 1902 ad
1314 1851 1567 1905 certum
1595 1840 1881 1907 modum
1904 1844 2354 1921 immittatur,

314 1958 408 2001 an
423 1960 548 2022 pro
574 1938 791 2006 lubitu
820 1939 1202 2031 belligeret?
1219 1978 1252 2028 ἐκ

1131 2154 1536 2217 RESPONSIO.

400 2345 680 2433 Impetus
704 2348 845 2432 ejus
868 2370 996 2411 non
1024 2352 1230 2414 solnm
1253 2350 1555 2420 adversus
1580 2357 1995 2439 Christianos,
2027 2365 2139 2431 sed
2161 2367 2353 2434 etiam

313 2449 610 2517 adversus
641 2452 1029 2528 idolotatras,
1056 2467 1262 2576 ‘atque
1293 2457 1662 2525 universum
1696 2469 2008 2530 mundum
2033 2470 2250 2546 fertur.
2286 2473 2353 2539 Si

310 2575 461 2645 ergo
506 2555 968 2622 concederetur
1014 2556 1072 2622 ei
1116 2582 1232 2647 pro
1286 2562 1495 2628 lubitu
1536 2564 1775 2632 bellum
1821 2592 2078 2660 gerere,
2131 2596 2349 2656 omnes

309 2660 606 2746 equidem
656 2661 915 2727 deleret.
968 2661 1097 2741 Qut
1129 2661 1301 2730 hoc?
1333 2687 1561 2759 nempe
1592 2674 1763 2759 quod
1794 2696 1953 2762 opus
1991 2698 2064 2741 ac
2099 2677 2351 2747 deside-

305 2766 471 2830 rium
501 2765 639 2851 ejus
671 2765 732 2831 in
763 2766 894 2832 hoc
913 2781 1219 2835 versetur.
1268 2773 1830 2853 Quemadmodum
1866 2795 2077 2848 autem
2112 2781 2345 2877 figulus

306 2889 449 2935 vasa
481 2871 789 2937 missurus
821 2871 885 2937 in
917 2871 1267 2952 fornacem,
1300 2901 1438 2945 eam
1465 2885 1792 2972 moderate
1827 2890 2182 2964 succendit,
2217 2913 2347 2962 non

304 2977 630 3054 intensius,
683 3001 765 3043 ne
810 2992 988 3046 cocta
1009 2984 1423 3072 plu5,q11am
1457 2989 1666 3066 decet,
1700 2992 2050 3071 elidantur3
2088 3020 2206 3062 nec
2240 3021 2346 3082 re-

301 3082 580 3158 missius',
617 3105 698 3147 ne
739 3082 789 3148 si
825 3085 1022 3150 cruda
1062 3085 1365 3165 existant,
1400 3091 1760 3196 dispereant
1792 3118 1864 3161 ac
1895 3077 2333 3174 dissolvantur.

302 3186 527 3253 Itidem
562 3189 613 3282 si
646 3191 1071 3278 argentarius,
1106 3205 1170 3258 et
1202 3192 1535 3265 aurifaber
1555 3199 1635 3264 ad
1666 3213 1911 3269 certum
1944 3205 2259 3292 modum
2243 3231 2340 3299 ng-

303 3313 446 3382 nom
495 3277 725 3370 mittit3
784 3293 840 3360 si
871 3296 1042 3361 enim
1079 3298 1404 3367 abundet’
1388 3302 1571 3391 ignis,
1607 3303 1871 3373 solvitur
1903 3332 2127 3376 aurum
2157 3322 2222 3373 et
2254 3333 2349 3374 ar-

302 3408 584 3481 gentum,
624 3396 869 3486 liquefit
910 3423 984 3466 ac
1030 3403 1216 3506 perit.
1267 3403 1496 3504 Itidem
1537 3406 1588 3472 si
1632 3407 1906 3474 humana
1946 3432 2127 3478 mens
2160 3412 2340 3479 novit

304 3513 473 3566 certo
495 3505 770 3590 quodam
799 3505 1035 3571 modo‘
1018 3499 1347 3595 imponere
1371 3499 1564 3574 onera
1586 3505 1901 3597 jumento,
1927 3517 2199 3608 camelo,
2214 3513 2335 3584 aut

306 3603 407 3667 alii
439 3606 690 3673 cuidam
705 3609 1014 3694 animali,
1068 3624 1380 3702 quatenus
1422 3626 1663 3679 servata
1696 3599 2107 3736 proportione
2146 3641 2337 3696 onera

303 3703 471 3768 ferne
522 3720 768 3792 potest:
818 3729 1054 3801 quanto
1105 3718 1304 3807 magis
1348 3717 1555 3794 DeuS,
1605 3713 1715 3806 qui
1746 3722 1924 3786 novit
1954 3744 2096 3786 vasa
2126 3707 2342 3788 homi-

301 3825 486 3883 num,
512 3808 793 3877 immittit
822 3818 1237 3887 adversariam
1261 3833 1638 3911 potestatem
1661 3822 1847 3890 variis
1868 3825 2120 3891 modis?

388 3910 494 3979 IV.
553 3911 1107 3991 Quemadmodum
1143 3949 1293 3992 vero
1327 3941 1526 4004 terra,
1560 3929 1857 4050 'quamvis
1893 3930 1973 3997 sit
2004 3953 2163 4014 uua,
2196 3927 2336 4022 hp&

298 3999 562 4106 quidem
604 4027 702 4084 est
743 4031 984 4098 saxosa,
1024 4025 1127 4092 illa
1168 4049 1317 4095 vero
1358 4033 1649 4122 pinguis:
1686 4047 1752 4103 et
1784 4035 1901 4104 alia
1938 4035 2201 4125 quidem
2231 4037 2329 4103 ‘est
