2982 4885
487 624 492 629 ,
590 544 721 629 2228
875 620 881 629 ,
1261 568 1312 611 s.
1367 566 1629 615 utcaan
1681 567 1946 612 εει-πη

575 687 916 782 Apostolis,
955 681 1292 772 respuitur.
1335 683 1462 763 Qui
1493 685 1665 750 enim
1697 684 1992 749 invitatus
2021 680 2253 753 fuerat,
2289 700 2419 745 non
2452 701 2631 746 exor-

582 778 770 864 natus
808 801 978 859 veste
1006 789 1298 879 nuptiali,
1335 801 1636 877 tanquam
1668 789 1913 856 alienus
1947 786 2192 875 ejectus
2217 796 2316 850 est
2348 783 2415 850 in
2456 797 2633 852 exto-

575 882 783 966 *riores
803 895 1121 970 tenebras,
1150 917 1227 960 eo
1251 895 1426 982 quod
1451 916 1578 959 non
1602 906 1878 984 gestaret
1908 890 2250 980 imaginem
2280 892 2624 958 coelestem.

584 1002 724 1075 Hoc
753 999 924 1067 enim
954 1009 1052 1065 est
1101 996 1351 1086 signum
1385 1019 1459 1063 ac
1495 997 1770 1087 sigillum
1808 993 2065 1065 Domini
2107 994 2335 1061 animis
2364 996 2634 1085 impres-

584 1130 753 1183 sum,
789 1103 1060 1195 Spiritus
1095 1101 1398 1168 nimirum
1425 1103 1686 1171 luminis
1719 1104 1952 1173 arcani.
1990 1102 2070 1168 Et
2092 1103 2631 1189 quemadmodum

586 1225 878 1283 mortuus
910 1208 1149 1275 inutilis
1190 1219 1311 1285 est,
1353 1231 1473 1276 nec
1515 1211 1773 1277 omnino
1807 1211 1963 1300 quid
1988 1210 2356 1276 commodat
2383 1207 2482 1282 iis,
2524 1205 2633 1295 qui

588 1310 696 1386 hic
728 1316 982 1390 vivunt;
1017 1325 1404 1405 quapropter
1433 1328 1769 1404 exportant
1796 1336 2051 1404 quoque
2076 1336 2227 1379 eum
2247 1335 2325 1378 ex
2348 1312 2549 1392 urbe,
2569 1322 2637 1375 et

590 1418 770 1487 humi
804 1414 1171 1507 deponunt:
1205 1419 1297 1483 sic
1322 1421 1838 1507 quoqueffianima,
1869 1443 2009 1508 quae
2041 1441 2168 1485 non
2198 1429 2399 1508 gestat
2420 1418 2640 1481 coeles-

575 1520 726 1613 ρ’ῑιειι
756 1523 953 1590 divini
981 1522 1241 1591 luminis
1271 1521 1640 1613 imaginem,
1678 1525 1875 1592 vitam
1912 1523 2153 1592 scilicet
2184 1521 2433 1595 animae.
2465 1519 2639 1584 velut

594 1632 863 1723 reproba
905 1652 981 1696 ac
1022 1632 1212 1720 plane
1251 1629 1564 1714 rejectitia
1611 1635 1843 1699 evadit.
1893 1632 2037 1699 Non
2068 1630 2239 1696 enim
2273 1623 2642 1695 commodat

595 1738 687 1804 illi
721 1734 956 1802 civitati
988 1732 1373 1798 Sanctorum
1404 1736 1614 1799 anima
1648 1747 1941 1808 mortua,
1962 1757 2101 1818 quae
2130 1755 2260 1797 non
2298 1732 2463 1820 gerit
2488 1729 2647 1796 luci·

597 1843 749 1907 dum
774 1860 846 1902 ac
866 1833 1149 1899 divinum
1169 1833 1495 1920 Spiritum,
1523 1836 2085 1912 Quemadmodum
2106 1835 2280 1898 enim
2303 1833 2370 1897 in
2395 1835 2650 1899 mundo

594 1942 723 2011 vita
768 1934 1051 2024 corporis
1093 1947 1189 2000 est
1220 1934 1472 2001 anima:
1520 1937 1609 2001 sic
1643 1958 1896 2024 quoque
1926 1939 1992 2003 in
2021 1949 2258 2003 aeterno
2287 1956 2362 2003 ac
2397 1937 2654 2001 coelesti

595 2042 837 2113 mundo
860 2036 1085 2103 animae
1116 2038 1241 2103 vita
1273 2050 1370 2103 est
1394 2037 1667 2127 Spiritus
1693 2039 1961 2107 divinus.

629 2220 634 2223 ,
684 2147 790 2214 VI.
845 2143 1115 2234 Oportet
1146 2143 1339 2233 igitur
1371 2159 1762 2231 quaerentem
1791 2147 2080 2220 credere,
2123 2156 2188 2211 et
2219 2146 2530 2210 accedere
2559 2148 2644 2212 ad

595 2249 969 2326 Dominum,
1003 2249 1363 2326 obsecrare,
1400 2262 1471 2316 ut
1501 2248 1650 2314 hinc
1684 2261 2111 2337 consequatur
2140 2248 2450 2337 Spiritum
2480 2249 2641 2315 divi-

599 2370 754 2421 num
782 2378 799 2420 z
834 2355 968 2447 ipse
1001 2355 1176 2420 enim
1206 2365 1304 2419 est
1325 2353 1451 2419 vita
1484 2352 1732 2427 animae,
1766 2366 1832 2419 et
1860 2365 2196 2444 propterea
2227 2354 2480 2419 advenit
2511 2354 2645 2420 Do-

600 2462 834 2544 minus,
881 2473 957 2527 ut
995 2460 1147 2526 hinc
1185 2458 1378 2525 vitam
1409 2458 1745 2547 largiretur
1776 2460 2025 2536 animae,
2074 2453 2389 2547 Spirituuf
2416 2480 2642 2547 nempe

603 2593 810 2638 sunm.
838 2569 1057 2634 «Dum
1089 2566 1288 2641 enim,
1322 2565 1554 2652 inquit,
1594 2568 1806 2631 lucem
1844 2565 2118 2641 habetis,
2164 2565 2404 2631 credite
2445 2564 2507 2629 in
2541 2567 2644 2630 lu-

605 2704 632 2739 »
652 2696 814 2740 cem.
853 2670 1041 2737 Venit
1070 2691 1221 2743 nox,
1257 2671 1512 2755 quando
1543 2691 1735 2736 nemo
1765 2683 1974 2757 potest
2002 2670 2253 2761 operari
2272 2670 2321 2737 ⁸.
2353 2699 2387 2742 ι,
2410 2669 2477 2736 Si
2505 2669 2643 2759 quis

609 2800 762 2866 ergo
786 2794 915 2839 non
936 2763 1255 2860 quaesierit
1275 2769 1453 2848 hinc,
1471 2783 1538 2836 et
1559 2787 1938 2840 consecutus
1964 2774 2153 2841 fuerit
2176 2775 2368 2841 vitam
2394 2769 2639 2849 animae,

613 2881 899 2948 divinum
942 2878 1159 2942 lumen
1204 2873 1511 2964 Spiritus,
1559 2876 1663 2943 ille
1705 2878 1815 2944 ubi
1853 2880 2149 2968 migrabit
2179 2904 2216 2946 e
2248 2901 2536 2969 corpore,
2581 2878 2648 2943 in

599 2985 861 3051 ‘sinistra
892 2982 1032 3047 loca
1065 2979 1468 3046 tenebrarum
1491 2980 1623 3068 jam
1655 2999 2046 3073 segregatur,
2073 2987 2138 3052 in
2162 3006 2419 3074 regnum
2445 2985 2647 3048 coelo-

618 3111 766 3155 rum
808 3108 938 3152 non
982 3085 1374 3173 ingrediens,
1420 3100 1644 3154 nactus
1676 3087 1869 3156 finem
1909 3091 1973 3157 in
2006 3092 2294 3181 gehenna
2329 3110 2481 3155 cum
2509 3086 2655 3154 dia-

587 3193 772 3277 .bolo
812 3202 877 3257 et
918 3190 1152 3279 angelis
1199 3189 1357 3278 ejus.
1415 3187 1545 3256 Aut
1585 3196 2122 3279 quemadmodum
2155 3217 2381 3262 aurum
2418 3194 2521 3260 vel
2551 3215 2655 3258 ar-

618 3310 904 3386 gentum,
932 3295 1298 3384 conjectum
1321 3295 1385 3359 in
1410 3294 1647 3382 iguem,-
1670 3301 1890 3388 purius
1915 3316 1980 3368 et
1996 3301 2323 3390 probatius
2347 3298 2650 3372 efficitur3

616 3424 739 3472 nec
773 3402 1123 3489 quidquam
1155 3410 1364 3488 potest
1391 3400 1547 3467 illud
1580 3416 1851 3481 mutare,
1893 3430 2123 3495 nempe
2154 3410 2257 3473 vel
2285 3408 2529 3494 lignum
2559 3403 2662 3469 vel

591 3503 838 3600 ¹herba.
873 3503 1104 3570 Omnia
1136 3503 1306 3569 enim
1330 3504 1450 3571 sibi
1482 3505 1725 3595 adjecta
1758 3513 2100 3588 consumit,
2134 3535 2274 3599 qum
2300 3509 2558 3596 quidem
2590 3507 2658 3571 in

589 3609 832 3704 ‘ignem
882 3609 1164 3674 evadunt
1202 3630 1217 3673 ε
1264 3609 1355 3676 sic
1386 3634 1640 3703 quoque
1680 3615 1885 3686 anima
1920 3617 1983 3681 in
2016 3617 2144 3705 igni
2175 3615 2470 3705 spiritua,
2498 3624 2564 3677 et
2595 3611 2661 3676 in

616 3713 861 3780 lumine
894 3711 1103 3790 divino
1121 3735 1535 3792 conversans,
1562 3718 1722 3783 nihil
1744 3741 1777 3784 a
1802 3742 2125 3809 quoquam
2152 3742 2499 3810 pravorum
2530 3715 2663 3804 spi-

616 3819 856 3914 rituum
886 3817 1159 3907 patitur:
1189 3832 1254 3885 et
1277 3821 1428 3887 licet
1453 3823 1913 3913 appropinquet
1938 3827 2264 3916 quidpiam
2287 3825 2402 3900 ini,
2431 3843 2665 3888 consu-—

617 3926 814 3999 mitur
843 3924 908 3990 id
938 3945 972 3989 a
1006 3927 1246 3997 coelesti
1279 3927 1422 4018 igne
1442 3927 1737 4017 Spiritus.
1775 3932 1906 4006 Aut
1937 3934 2135 4003 veluti
2173 3930 2484 4009 volucris,
2516 3927 2569 3994 si
2600 3925 2668 3991 in

680 4069 698 4098 ⁸
722 4062 870 4119 loto.
889 4077 963 4122 tx.
979 4061 1041 4123 4.-
