2982 4885
499 445 626 517 42⁰
1168 457 1212 494 ι.
1273 456 1532 498 metum
1582 457 1849 498 AEnxr‘ru

493 601 643 641 cum
670 598 787 662 ego
812 574 873 637 in
907 596 1044 636 mea
1079 573 1305 634 cellula
1341 571 1567 635 faciam
1599 584 1830 635 cuncta
1867 592 2007 657 quae
2043 568 2299 645 decent,
2328 587 2544 645 tamen

494 678 961 747 noninveniam
1010 674 1508 740 consolationem
1556 697 1591 740 a
1646 675 1819 739 Deo?
1856 676 1961 740 Ait
1993 676 2080 741 illi
2123 702 2365 745 senex:
2404 683 2542 749 lloc

496 788 612 854 tibi
636 783 942 871 contingit
974 806 1074 856 eo,
1105 781 1276 868 quod
1301 780 1476 844 vanis
1504 803 1652 844 cum
1683 779 1888 845 otioso
1917 781 2538 854 confabulationibus

499 893 820 977 indulg053
869 898 932 951 et
973 885 1120 971 quia
1174 883 1433 948 omnino
1491 883 1583 947 vis
1638 883 1826 970 potiri
1880 896 2097 971 optato
2147 892 2531 956 voluntatem

496 1012 684 1063 tuam·
723 992 1063 1081 propriam.
1123 988 1429 1077 Reposuit
1488 988 1679 1057 sent:
1712 989 1887 1068 Quid
1941 989 2141 1077 igitur=
2174 990 2381 1060 facere
2430 1019 2533 1062 me

497 1102 679 1187 jubes
703 1147 720 1172 ,
748 1096 969 1185 pater?
1000 1093 1350 1180 Respondit
1391 1116 1619 1157 senex:
1661 1091 1830 1158 Vade
1855 1144 1871 1167 ‚
1917 1094 2001 1157 ini
2049 1095 2535 1165 familiaritatem

497 1225 645 1269 cum
670 1202 806 1266 viro
830 1200 1092 1264 timente
1113 1200 1340 1270 Deum,
1369 1210 1432 1262 et
1455 1196 1724 1262 humilia
1755 1211 1816 1263 to
1846 1199 2052 1287 ipsum
2075 1220 2280 1263 coram
2305 1225 2382 1265 eo
2407 1226 2428 1276 ς
2463 1216 2531 1269 et

495 1307 789 1374 renuntia
827 1302 1134 1369 voluntati
1183 1315 1346 1376 tuae3
1389 1313 1456 1366 et
1494 1314 1650 1366 tunc
1704 1301 1985 1367 invenies
2038 1300 2533 1374 consolationem‘

500 1438 533 1477 a
571 1414 725 1478 Deo,

584 1517 755 1582 Dixit
779 1514 1029 1579 Senex:
1066 1512 1196 1591 Qui
1242 1511 1597 1599 ingreditur
1636 1512 1998 1599 seplasiam,
2042 1525 2106 1578 et
2139 1512 2203 1578 in
2240 1512 2379 1580 soro
2409 1538 2534 1581 un-

502 1622 833 1712 guentario
888 1619 1286 1690 deambulat,
1331 1617 1447 1681 etsi
1493 1618 1650 1684 nihil
1711 1631 1883 1685 eniat
1926 1632 2036 1685 aut
2073 1621 2407 1711 contingat»
2456 1647 2533 1691 ex

502 1729 927 1798 aromatibus,
971 1722 1228 1787 omnino
1278 1733 1487 1786 tamen
1534 1736 1600 1789 et
1640 1724 1894 1789 interim
1934 1724 2161 1790 fruitur
2205 1729 2435 1804 odore,
2468 1741 2529 1794 et

495 1838 626 1924 ipse
675 1834 837 1898 bene
882 1830 1008 1897 olet
1046 1827 1462 1913 aliquandiu.
1500 1828 1607 1894 sic
1638 1831 1749 1917 qui
1778 1845 2193 1898 conversatur
2226 1855 2371 1899 cum
2409 1857 2524 1923 pa·-

499 1939 721 2009 uibus,
783 1932 972 1998 trahit
1031 1948 1107 1995 ex
1167 1930 1287 1995 illis
1344 1934 1718 2020 contagione
1774 1936 2034 1999 salutari
2093 1940 2268 2024 quod
2321 1941 2517 2049 ipsum

501 2044 727 2127 juvet:
767 2059 913 2101 narn
969 2036 1020 2100 si
1057 2035 1313 2122 quidem
1357 2035 1505 2100 velit
1547 2049 1720 2100 recte
1749 2060 1959 2124 agere,
2002 2055 2417 2108 monstratam
2450 2044 2527 2113 ad

494 2149 619 2212 hoc
668 2145 744 2209 ab
779 2144 899 2208 illis
929 2142 1093 2207 viam
1122 2140 1568 2207 humiliationis
1599 2142 1813 2215 videt,
1849 2156 1913 2207 et
1959 2144 2193 2211 horum
2216 2152 2516 2237 exempla,

503 2253 820 2338 verbaque
874 2248 1072 2314 instar
1124 2245 1210 2311 illi
1255 2245 1434 2311 *muri
1486 2259 1633 2312 sunt
1686 2250 1766 2313 ad
1820 2254 2124 2318 arcendas
2168 2254 2529 2320 doemonum

500 2357 915 2423 incursiones·

591 2465 760 2530 Dixit
791 2465 1041 2528 Senex:
1080 2461 1147 2527 Si
1181 2473 1243 2527 te
1277 2461 1609 2527 iufirmitas
1640 2476 1912 2551 occupet
1938 2463 2237 2550 corporis,
2270 2485 2349 2526 ne
2385 2476 2526 2526 tur-

497 2571 667 2635 beris
692 2571 846 2632 dans
881 2580 942 2631 te
971 2568 1230 2632 tristitia}
1263 2569 1468 2631 inerti.
1504 2567 1569 2630 Si
1601 2568 1773 2631 enim
1807 2570 1955 2634 velit
1979 2582 2037 2633 te
2058 2567 2356 2632 Dominus
2382 2581 2528 2634 tuus

503 2674 727 2739 inorbo
780 2692 1087 2757 corporeo
1134 2670 1356 2754 affligi,
1395 2682 1463 2732 tu
1517 2672 1657 2756 quis
1704 2694 1804 2746 οε,
1852 2675 1961 2760 qui
2003 2696 2373 2739 succensere
2424 2687 2532 2739 aut

503 2799 664 2864 wgre
695 2775 856 2838 serre
876 2773 1147 2835 audeas?
1172 2771 1396 2836 Nonne
1417 2773 1551 2859 ipse
1569 2774 1658 2839 tui
1675 2798 1893 2841 curam
1927 2778 1989 2841 in
2014 2778 2308 2842 omnibus
2333 2777 2531 2867 gerit?

504 2906 581 2946 an
612 2875 896 2961 sint-,ipso
924 2878 1021 2939 vel
1053 2887 1230 2963 potes
1255 2876 1505 2942 vivere?
1536 2880 1845 2966 patienter
1865 2905 2018 2969 ergo
2043 2885 2239 2947 tolera
2274 2908 2291 2946 ε
2327 2896 2393 2948 et
2424 2905 2523 2948 ora

501 2992 734 3073 ipsum,
776 2993 844 3042 ut
881 2979 994 3043 tibi
1027 3002 1166 3065 quie
1201 2981 1374 3046 novit
1408 2984 1703 3051 cxncdire
1736 2981 2030 3072 praebeat.
2069 2988 2218 3049 Haec
2248 2990 2418 3054 cuim
2440 3000 2526 3054 cst

511 3091 792 3156 soluntas
832 3083 988 3169 ejus·
1032 3084 1195 3149 Sede
1243 3107 1392 3150 cum
1436 3087 1950 3172 longanimitate,
2013 3092 2286 3157 comede
2334 3093 2529 3160 diari-

505 3207 728 3284 tatem,
2417 3260 2441 3275 ·

593 3296 762 3370 Dixit
787 3303 977 3361 sene‘x
1010 3320 1026 3359 ε
1057 3296 1124 3361 Si
1159 3319 1371 3362 acrem
1397 3298 1592 3362 homo
1633 3311 1927 3364 naturam
1969 3302 2052 3366 ad
2085 3302 2360 3390 legitime
2384 3324 2529 3367 cer-

508 3405 1022 3477 tandumoxerut,
1040 3400 1229 3490 exigit
1253 3403 1332 3467 ab
1355 3425 1433 3467 eo
1456 3402 1651 3476 Deus,
1668 3426 1749 3468 ne
1764 3403 1994 3476 affectu
2021 3406 2214 3470 nimio
2231 3405 2527 3469 inb-‘creat

503 3507 783 3578 inateriae
801 3529 1117 3595 corporeae
1137 3506 1463 3594 cuiquam,
1487 3529 1689 3593 usque
1713 3509 1789 3573 ad
1810 3509 2117 3573 minutam
2143 3530 2355 3579 acuum
2379 3528 2523 3570 nam

507 3617 552 3678 „1
574 3614 729 3702 quid
758 3613 881 3676 tale
905 3611 1218 3678 addictius
1236 3611 1559 3687 amaverit,
1582 3611 1962 3699 impedietur
1978 3636 2153 3678 mens
2178 3611 2313 3700 rjus
2332 3635 2365 3676 a
2393 3634 2530 3676 son-

503 3722 676 3784 sibus
719 3727 782 3779 ct
813 3718 974 3781 votis
1006 3717 1138 3784 Deo
1163 3718 1400 3805 dignis,
1437 3741 1547 3805 per
1574 3717 2030 3806 vehementiam
2068 3718 2358 3783 desiderii
2398 3741 2532 3807 pos·

503 3821 684 3889 sessis
718 3819 1121 3896 incubantis3
1149 3833 1213 3886 et
1249 3844 1590 3886 moerorem
1614 3844 1804 3908 quem
1835 3845 1914 3889 ex
1936 3813 2289 3891 ainatarum
2320 3843 2534 3892 rerum

497 3928 770 4026 jactura,
797 3922 1024 3990 crebro
1057 3923 1504 4018 inevitabiliter
1526 3924 1877 4003 accidente,
1915 3926 2257 4017 concipiet.

123 4469 570 4748 Ὗ
