2982 4885
967 571 1048 612 ms
1096 568 1436 610 onmem.
2106 545 2227 614 331

210 698 265 750 et
292 682 611 749 efficacem
643 681 911 773 Spiritus
944 684 1168 751 animae
1198 681 1478 748 laetitiam
1511 692 1574 762 et
1605 682 2102 750 consolationem
2136 684 2229 751 in-

210 789 430 855 dicant.

286 895 359 959 ΙΙ.
416 895 495 960 Ut
520 896 914 985 praestantius
942 896 1183 961 caeteris
1206 905 1297 958 est
1324 916 1480 981 opus
1506 889 1837 968 orationis3
1875 895 1959 960 ita
1995 896 2223 987 majori

210 1023 352 1088 opus
402 983 595 1067 babet
650 1003 1099 1077 sollicitudine,
1140 1000 1247 1088 qui
1280 1000 1342 1063 in
1375 991 1439 1063 id
1466 995 1821 1062 incumbit:
1860 1022 1940 1063 ne
1972 1024 2093 1088 qua
2126 1003 2214 1071 illi

210 1107 494 1194 subrepat
540 1131 573 1171 a
616 1107 855 1172 malitia
901 1106 1211 1196 deceptio,
1271 1103 1431 1170 Nam
1484 1125 1611 1189 quo
1666 1101 1931 1190 quisque
1977 1103 2234 1193 majoris

210 1211 585 1298 adipiscendi
635 1212 787 1277 boni
833 1236 1052 1277 curam
1086 1207 1386 1298 concipit,
1423 1231 1500 1272 eo
1536 1205 1758 1295 majori
1799 1207 2086 1277 diabolus
2123 1236 2237 1279 co-

211 1329 350 1380 natu
402 1307 758 1383 ei'obstare
797 1318 1143 1383 contendit.
1197 1317 1411 1395 Quare
1442 1301 1709 1378 multam
1753 1309 1902 1378 eum
1936 1311 2237 1386 adhibere

211 1444 457 1485 necesse
490 1422 609 1484 erit
641 1422 1051 1508 vigilantiam,
1088 1434 1159 1485 ut
1190 1421 1434 1484 fructus
1460 1415 1801 1493 charitatis,
1831 1419 2232 1506 humilitatis,

212 1525 653 1612 simplicitatis»,
703 1526 1009 1591 bonitatis
1029 1577 1045 1601 ‚
1105 1523 1499 1589 discretionis
1542 1546 1578 1588 e
1623 1519 1883 1611 patienti
1935 1521 2254 1612 orationis,=

209 1631 452 1693 cultura
481 1629 595 1717 ipsi
621 1630 791 1719 pleni
815 1630 1168 1719 uberesque
1200 1615 1674 1719 progerminent
1701 1652 1716 1693 :
1755 1625 1790 1692 i'
1823 1628 2076 1720 siusque
2098 1627 2247 1719 per-'-

209 1733 493 1824 spicuum
514 1735 582 1800 in
608 1735 815 1802 divina
838 1760 1238 1825 progressum
1265 1733 1749 1825 profectumque
1775 1654 2241 1814 demonstrent,

209 1841 418 1926 sieque
442 1841 594 1905 alios
619 1843 698 1906 ad
722 1842 888 1929 paris
908 1841 1380 1908 :emulationem
1404 1839 1594 1906 studii
1618 1854 1984 1928 provocent.

290 1945 396 2009 ΙΙΙ.
452 1944 601 2010 Sine
634 1945 1095 2085 intermissione
1120 1947 1432 2012 orandum
1460 1958 1527 2010 et
1549 1959 2026 2034 perseveranter
2056 1947 2244 2020 imis-,-

210 2051 465 2115 tendum
498 2051 765 2117 orationi
797 2052 967 2118 esse¹
981 2103 999 2128 ,
1035 2066 1099 2118 et
1132 2052 1378 2117 divinus
1412 2037 1774 2140 Apostolus,
1801 2065 1865 2118 et
1890 2053 2084 2142 ipsius
2112 2055 2245 2121 Do-

208 2155 359 2219 mini
408 2160 738 2221 oraculum
792 2156 1100 2247 praecipit,
1156 2155 1458 2223 dicentis:
1507 2159 1814 2237 «Quanto
1848 2160 2046 2247 magis
2078 2160 2248 2228 Deus

210 2258 439 2322 »saciet
481 2260 827 2323 vindictam
871 2261 1284 2323 clamantium
1330 2257 1411 2322 ad
1452 2283 1517 2323 se
1556 2255 1656 2322 die
1691 2283 1763 2325 ac
1808 2259 2127 2324 nocte²i²1=
2167 2263 2250 2330 Et

212 2360 408 2424 illud:
433 2387 457 2419 α
485 2360 753 2448 Vigilate
797 2357 860 2424 et
906 2360 1140 2424 orate⁸.
1175 2362 1490 2448 »Oportet
1528 2362 1718 2447 igitur
1761 2359 1998 2449 ubique
2031 2357 2245 2438 oraress

213 2487 332 2530 nec
357 2486 641 2551 unquam
670 2477 969 2529 conatum
993 2462 1332 2529 remittere.
1377 2466 1634 2542 Quanto
1658 2479 1871 2545 autem
1897 2466 2251 2553 capitalius,

212 2567 322 2656 qui
365 2590 772 2664 perseverare
823 2568 886 2632 in
927 2569 1211 2634 oratione
1245 2569 1552 2642 decrevit,
1586 2582 1745 2658 opus
1778 2592 2102 2669 aggressus
2133 2583 2251 2648 est,
2315 2620 2330 2635 .

214 2674 393 2737 tan&
435 2672 643 2762 ipsum
678 2675 820 2763 plus
851 2672 1211 2738 certaminis
1243 2673 1585 2762 suscipere,
1625 2688 1927 2763 tantoque
1960 2676 2155 2763 magis
2185 2677 2251 2753 id

214 2800 366 2841 eum
418 2779 497 2841 ad
537 2782 891 2844 extremum
943 2776 1294 2868 perducere
1335 2791 1609 2867 oportet,
1644 2804 1720 2845 eo
1755 2780 1928 2868 quod
1959 2803 2258 2869 perseveae-

213 2881 435 2949 rantioe
466 2882 767 2947 orationis
801 2886 999 2948 multa
1026 2872 1249 2971 objicit
1274 2870 1727 2973 impedimenta
1757 2883 2064 2973 pravitas3
2087 2909 2261 2950 somr

213 3010 396 3060 num,
421 2988 731 3063 acediam,
755 2990 1006 3077 pondus
1031 2991 1335 3078 corporis,
1360 2989 1814 3078 cogitationum
1841 2974 2256 3067 aversionem,
2275 2976 2288 2985 Ι

212 3093 445 3157 mentis
474 3094 969 3171 instabilitatem,
998 3097 1367 3185 languorem
1390 3108 1455 3162 et
1482 3092 1721 3185 reliqua
1749 3097 2001 3193 malitiae
2024 3098 2252 3164 studia.

209 3197 524 3262 Praeterea
565 3196 936 3268 afflictiones
979 3215 1044 3268 et
1092 3202 1373 3292 ipsorum
1417 3206 1733 3283 malorum
1767 3198 2129 3269 daeinouum
2165 3205 2266 3269 in-

213 3303 420 3365 sultus
453 3302 864 3371 vehementer
897 3307 1404 3396 impugnantium
1435 3332 1575 3399 nos,
1611 3324 1676 3374 et
1707 3300 1880 3374 omni
1913 3310 1973 3372 vi
2001 3309 2262 3371 obstan-

217 3406 431 3481 tium,
442 3430 527 3472 ne
560 3411 1069 3500 appropinquare
1101 3412 1353 3476 Christo
1381 3400 1585 3478 valeat
1619 3394 1827 3478 Deum
1857 3423 2000 3501 post
2032 3409 2266 3477 verita-

215 3520 351 3573 tem
385 3510 771 3577 incessanter
799 3536 1088 3603 quaerens
1120 3514 1344 3575 anima.

316 3608 422 3677 IV.
482 3614 675 3680 Omni
708 3614 945 3689 studi0,
974 3624 1162 3701 atque
1194 3602 1536 3699 vigilantia,
1572 3617 1915 3703 longanimi
1948 3602 2275 3716 patientia,

220 3715 715 3803 certamineque
779 3719 1004 3782 animae
1060 3740 1130 3781 ac
1192 3714 1411 3782 labore
1469 3716 1754 3806 corporis
1806 3732 2057 3821 oportet
2102 3742 2275 3798 eum,

218 3817 340 3906 qui
381 3819 648 3885 orationi
687 3822 1025 3910 diligenter
1070 3845 1293 3888 vacare
1339 3814 1691 3900 contendit,
1729 3816 1992 3891 viriliter
2034 3848 2266 3916 agere,

221 3923 391 3992 nihil
431 3922 712 4018 unquam
750 3922 1181 4035 remittentem
1221 3916 1300 3997 de
1339 3932 1589 4008 ardore,
1630 3955 1748 3999 nec
1783 3935 2113 4002 cedentem
2141 3933 2274 4003 dis-

298 4078 316 4103 ¹
352 4081 371 4116 ι
400 4066 575 4121 Thess.
595 4084 649 4132 v.
676 4085 752 4136 ¹7·
788 4095 853 4109 -
876 4084 897 4109 ⁸
926 4036 1048 4121 Luc«
1068 4083 1220 4131 xvm,
1250 4085 1380 4119 1.-
1399 4070 1420 4104 ⁸
1446 4069 1624 4122 matth.
1648 4086 1788 4133 xxvi,
1807 4070 1892 4130 ιι.
