2982 4885
970 541 1152 585 nnn
1195 540 1275 585 nn
1321 538 1688 586 nanninus.
1794 514 1799 519 ’
2224 522 2353 617 537

319 651 538 737 utique
601 653 889 742 primam.
961 657 1139 723 Hanc
1197 658 1405 744 itaquo
1469 655 1759 721 renovari
1818 670 1884 721 et
1929 642 2203 749 purgari·
2235 683 2352 727 ne-

321 777 492 820 cesse
524 769 651 832 est,
681 781 869 844 quam
902 773 966 824 et
999 760 1236 825 moveri
1263 783 1426 848 saepe
1464 761 1905 849 cognoscimus
1930 777 2111 830 terrae
2134 779 2348 841 motu,

321 862 400 923 de
423 884 543 948 qua
580 861 663 925 ait
694 863 1004 927 Dominus
1033 888 1048 927 z
1092 893 1115 923 α
1147 866 1278 952 Ego
1313 866 1536 930 faciam
1570 889 1804 929 novum
1830 870 2062 933 coelum
2088 918 2105 944 ,
2139 881 2203 934 et
2237 852 2355 937 no-

321 988 505 1028 »vam
552 968 782 1030 terram
816 968 866 1032 ¹.
915 998 940 1028 a
1004 971 1082 1034 Et
1124 971 1356 1036 iterum
1396 971 1707 1036 Dominus
1757 973 1886 1037 ait:
1941 1000 1964 1031 ι
2011 974 2257 1040 Coelum
2289 990 2357 1041 et

322 1080 597 1132 »terram
631 1072 895 1135 transire
921 1073 984 1137 in
1008 1075 1345 1163 Evangelio
1379 1075 1424 1141 ².
1467 1105 1491 1135 »
1540 1076 1687 1140 Haec
1722 1090 1887 1142 terra
1920 1078 2129 1165 itaque
2164 1080 2356 1145 veluti

323 1172 400 1235 de
418 1172 732 1239 radicibus
760 1177 922 1242 illius
948 1179 1173 1267 prioris
1200 1180 1606 1271 cognoscitur
1640 1180 1875 1245 habere
1903 1168 2316 1248 substantiam
2334 1233 2353 1258 ,

322 1299 459 1363 quae
474 1302 544 1343 su
551 1303 657 1366 pra
683 1306 908 1369 aquam
935 1285 1276 1350 subsistere
1306 1284 1478 1373 jussa
1500 1298 1618 1361 est,
1641 1307 1779 1371 quae
1801 1287 2055 1375 copiose
2078 1287 2359 1353 humano

321 1385 536 1470 generi
566 1386 822 1453 exhibet
856 1389 1171 1456 alimenta.

351 1601 541 1652 Lxlx.
579 1604 892 1659 HAERESIS
930 1606 1019 1657 DE
1057 1608 1358 1659 IMAGINE
1394 1610 1509 1660 DE1
1553 1609 1621 1659 {N
1659 1609 1981 1661 CORPORE
2018 1606 2340 1661 HUMANO.

411 1795 691 1860 HAEmms
727 1810 822 1862 est
866 1822 1118 1885 quoque
1139 1851 1155 1876 ,
1202 1823 1342 1887 quae
1377 1799 1531 1864 dicit
1563 1794 1707 1865 ante
1741 1821 1974 1887 corpus
2008 1798 2200 1862 fuisse
2238 1797 2360 1861 ho-

323 1900 508 1964 minis
535 1901 798 1976 factum,
834 1926 962 1966 non
997 1904 1272 1969 animam
1314 1903 1451 1992 (14)
1481 1927 1496 1967 τ
1536 1917 1600 1969 et
1628 1906 1803 1990 quod
1833 1905 2038 1991 imago
2069 1900 2184 1966 Dci
2219 1922 2367 1965 cor-

324 2027 440 2092 pus
473 2007 585 2080 sit,
610 2030 738 2071 non
772 2009 978 2071 anim‘a
1013 2010 1285 2074 hominis
1307 2059 1324 2083 ,
1361 2024 1423 2074 et
1450 2012 1621 2096 quod
1654 2011 2006 2074 secundnm
2041 2004 2367 2097 praedesti-
2398 2066 2405 2071 „

323 2111 642 2176 nationem
677 2114 903 2178 dixerit
929 2115 1010 2178 ita
1044 2115 1408 2190 arbitratur,
1443 2138 1594 2189 cum
1619 2116 1790 2179 dicat
1815 2110 2183 2202 Scriptura:
2234 2138 2259 2171 α
2285 2110 2366 2175 Et

327 2215 519 2279 »fecit
575 2217 743 2278 Deus
799 2217 1124 2281 hominem
1145 2267 1164 2292 ‚
1220 2221 1301 2285 ad
1352 2219 1693 2305 imaginem
1746 2242 1923 2283 suam
1973 2219 2124 2282 fecit
2184 2239 2363 2289 eum,

329 2322 724 2383 »masculum
767 2332 830 2383 et
869 2320 1195 2384 soeminam
1228 2321 1376 2385 fecit
1406 2321 1584 2385 cos⁸.
1624 2348 1649 2379 n
1706 2322 2009 2407 Ignorans
2052 2321 2368 2405 Propheta

324 2425 484 2511 'quid
521 2423 747 2489 dixerit
787 2448 802 2488 z
851 2424 1015 2488 Cum
1057 2424 1211 2490 dicit
1249 2424 1418 2489 enim
1456 2448 1471 2487 :
1508 2452 1532 2483 α
1568 2423 1900 2488 Faciamus
1927 2475 1942 2505 ,
1987 2450 2011 2483 n
2060 2421 2373 2510 promittit

239 2549 240 2564 ¹
330 2532 649 2596 facturum
672 2554 763 2601 εε.
802 2553 1079 2618 cumque
1105 2532 1260 2596 dicit
1292 2554 1306 2595 τ
1354 2558 1378 2590 α
1408 2530 1588 2595 Fecit
1612 2531 1807 2604 Deus,
1837 2555 1862 2589 υ
1901 2528 2031 2616 jam
2062 2551 2220 2616 opus
2249 2528 2374 2592 sac·
2458 2581 2463 2586 .

334 2650 468 2702 tum
503 2629 917 2712 demonstrat,
947 2650 1011 2702 et
1037 2637 1266 2702 saetam
1294 2659 1420 2701 non
1454 2658 1740 2710 carnem,
1766 2635 1877 2699 sed
1903 2633 2204 2706 animam,
2231 2654 2373 2719 quae

332 2742 652 2807 rationalis
695 2755 791 2806 est
816 2743 1176 2808 declaravit.
1227 2743 1385 2808 Nam
1421 2744 1594 2829 quod
1634 2764 1783 2808 caro
1835 2741 1969 2805 sine
2003 2737 2210 2805 anima
2243 2760 2372 2803 non

333 2847 529 2935 possit
586 2847 828 2934 eloqui,
898 2871 1027 2911 non
1095 2860 1190 2912 est
1229 2847 1496 2912 dubium
1548 2873 1563 2910 τ
1637 2870 1787 2935 ergo
1844 2868 1990 2911 caro
2060 2866 2370 2932 organum

334 2952 558 3015 anima}
581 2966 675 3016 est
706 2952 1046 3018 rationalis.
1085 2954 1437 3018 Masculum
1471 2965 1538 3016 et
1561 2952 1881 3017 soeminam
1912 2974 2059 3015 cum
2094 2950 2372 3040 primum

334 3057 487 3122 dicit
524 3056 876 3146 Scriptura,
913 3082 1041 3123 non
1074 3058 1177 3125 hic
1210 3082 1553 3148 corporum
1588 3082 1831 3134 sexum,
1865 3060 1978 3123 sed
2002 3051 2224 3122 animai
2255 3055 2372 3118 do-

334 3165 628 3229 minantis
654 3214 669 3238 ,
706 3180 769 3229 et
812 3166 1198 3255 subjacentis
1235 3167 1515 3231 declarat
1548 3165 1873 3230 indicium.
1918 3164 1998 3254 Et
2038 3161 2211 3248 quod
2242 3179 2372 3258 non

335 3293 598 3358 corpora
646 3271 768 3332 sint
806 3285 951 3335 ante
1002 3272 1165 3337 sacta
1209 3271 1523 3358 jacentia,
1560 3274 1723 3336 sicut
1755 3270 2014 3355 quidam
2058 3266 2375 3328 aestimant

336 3374 791 3462 imprudenteS,
829 3397 955 3435 non
989 3389 1084 3438 est
1117 3377 1520 3462 ambiguum,
1558 3398 1706 3439 cum
1744 3391 1892 3436 caro
1924 3370 2097 3448 Adae,
2122 3388 2195 3431 ac
2225 3388 2374 3429 mu-

337 3479 503 3542 lieris
537 3465 952 3564 postea'sacta
986 3476 1102 3549 sit,
1141 3500 1268 3538 non
1308 3480 1578 3561 septimo
1611 3480 1712 3542 die
1746 3476 1900 3541 dicit
1933 3473 2257 3559 Scriptura
2292 3472 2371 3536 de

336 3583 539 3647 Adam
565 3582 682 3644 ita:
725 3606 749 3637 α
781 3579 861 3642 Et
898 3577 1142 3665 accepit
1181 3579 1491 3642 Dominus
1517 3591 1751 3643 terram
1783 3583 1862 3643 de
1892 3577 2072 3652 lime,
2109 3588 2172 3641 et
2201 3577 2372 3663 plas-

339 3713 363 3742 ι»
384 3682 575 3747 mavit
601 3683 949 3759 hominem,
988 3705 1179 3768 quem
1203 3681 1413 3746 secit⁸.
1450 3711 1474 3740 ιι
1496 3681 1684 3747 Vides
1710 3706 1859 3770 ergo
1890 3681 2213 3769 quomodo
2236 3680 2372 3746 sac-

341 3800 475 3852 tum
511 3787 859 3863 hominem,
895 3789 960 3853 id
981 3801 1117 3860 est,
1151 3788 1424 3851 animam
1450 3799 1597 3852 ante
1626 3788 1904 3852 ostendit
1935 3786 2371 3852 rationabilem

342 3906 405 3958 et
429 3893 849 3957 immortalem
880 3917 1016 3958 esse
1041 3903 1318 3957 creatam
1349 3917 1384 3958 a
1417 3891 1716 3968 Domino,
1751 3915 1891 3980 quae
1922 3891 2138 3980 utique
2167 3892 2376 3983 imago

411 4049 424 4072 ¹
457 4035 567 4086 lsai.
597 4048 706 4092 mxv,
743 4049 817 4098 ¹7·
841 4060 902 4072 —
923 4048 943 4071 ⁰
975 4032 1154 4085 Maub.
1179 4048 1318 4093 xxiv,
1344 4032 1425 4084 3⁵.
1447 4059 1510 4076 -
1530 4034 1552 4070 ³
1577 4033 1702 4084 Gen.
1731 4048 1769 4093 ι,
1792 4049 1838 4098 7.
1865 4059 1925 4070 -
1946 4035 1969 4076 ⁴
1995 4029 2070 4083 ld.
2102 4047 2226 4099 ¹¹⁹9·
