2982 4885
685 477 769 545 32
1352 493 1402 538 s.
1455 489 1721 565 uncam
1767 487 2038 535 aaran

675 613 900 680 oculus
931 621 1136 675 totum
1162 628 1391 697 corpus
1415 606 1663 696 dirigit„
1698 607 1914 671 lumen
1939 601 2134 692 ipsius
2165 600 2440 668 existens
2457 651 2475 679 ,
2502 626 2584 669 ne
2606 626 2722 693 per

672 716 1019 809 praecipitia
1057 697 1523 802 disrumpatur,
1575 723 1683 776 aut
1720 709 1898 796 aquis
1935 707 2378 794 immergatur,
2420 721 2531 773 aut
2568 730 2718 774 casu

678 822 918 888 difficili
941 823 1238 888 laedatur:
1268 818 1359 884 sic
1383 840 1535 907 ergo
1561 816 1786 881 alacris
1811 815 1912 880 ille
1932 827 1996 878 et
2011 825 2236 883 cautus
2254 815 2716 904 transgrediens

677 939 995 994 coarctata
1040 936 1213 991 veste
1258 946 1409 997 sua,
1451 943 1699 988 summa
1744 918 1940 985 animi
1984 918 2361 995 sobrietate,
2411 922 2489 985 ab
2533 923 2715 987 oculo

679 1046 851 1101 recta
885 1034 1228 1105 deductus,
1265 1051 1393 1094 nou
1419 1052 1485 1093 se
1518 1028 1725 1116 ipsum
1762 1027 1967 1089 solum
1994 1024 2256 1089 illaesum
2278 1072 2295 1097 ,
2330 1026 2443 1089 sed
2472 1039 2535 1092 et
2559 1026 2718 1090 tuni-

680 1161 823 1205 cnm
864 1160 1041 1202 suam
1080 1135 1549 1199 incombustam
1584 1143 1651 1196 et
1694 1129 2026 1194 indivisam
2062 1142 2411 1196 conservat.
2463 1128 2531 1195 Si
2571 1153 2717 1196 vero

682 1244 991 1334 quispiam
1022 1241 1234 1308 minus
1267 1242 1498 1314 alacer,
1541 1239 1798 1312 tardus,
1833 1235 2073 1323 segniS,
2115 1257 2362 1311 socors,
2412 1238 2620 1302 lentus
2656 1251 2720 1303 et

678 1351 938 1438 ignavus
962 1349 1098 1414 haec
1126 1350 1268 1412 loca
1290 1343 1814 1432 transgrediatur,
1845 1340 2060 1405 tunica
2086 1339 2225 1428 ejus
2247 1339 2398 1405 hinc
2432 1342 2578 1407 inde
2610 1341 2721 1407 dif-

678 1453 917 1532 ssuens,
956 1452 1294 1519 fruticibus
1326 1463 1392 1517 et
1420 1449 1616 1538 spinis
1654 1446 2069 1535 discerpitur,
2097 1457 2203 1511 aut
2237 1446 2361 1532 igni
2404 1446 2719 1511 comburi-

683 1574 824 1638 tur,
869 1584 945 1628 eo
988 1563 1164 1648 quod
1207 1582 1349 1625 eam
1397 1582 1528 1624 non
1569 1568 1831 1622 strenue
1875 1555 2231 1629 contineat;
2264 1565 2368 1618 aut
2409 1554 2487 1618 ab
2523 1553 2718 1620 affixis

677 1667 898 1757 gladiis
931 1665 1308 1755 diffinditur,
1346 1676 1454 1729 aut
1487 1686 1670 1729 coeno
1703 1661 2032 1750 polluitur,
2066 1674 2164 1736 et,
2207 1673 2279 1725 ut
2319 1661 2595 1726 breviter
2631 1663 2719 1727 di·

684 1794 864 1844 cam,
930 1771 1117 1834 citius
1169 1767 1379 1857 perdit
1422 1769 1777 1855 elegantem
1818 1788 1891 1830 ac
1942 1788 2171 1831 novam
2225 1765 2396 1830 illam
2442 1779 2712 1843 vestem,

570 1930 577 1935 .
683 1887 944 1965 propter
967 1871 1435 1962 negligentiam,
1471 1871 1869 1937 oscitantiam
1894 1884 1960 1936 et
1980 1871 2288 1959 ignaviam
2304 1893 2502 1936 suam.
2524 1870 2719 1950 Quin·

685 1981 849 2057 imo,
886 1981 936 2046 si
966 1980 1176 2044 minus
1202 1977 1538 2066 diligenter
1573 1990 1638 2042 et
1671 1978 1962 2042 alacriter
2011 1978 2197 2042 oc'ulo
2239 1979 2523 2043 attendat
2551 2027 2570 2054 ,
2613 1988 2718 2042 aut

684 2087 923 2154 incidet
955 2087 1019 2153 in
1042 2084 1323 2160 foveam,
1361 2096 1469 2149 aut
1502 2080 1679 2170 aquis
1711 2084 2135 2170 demergetur.

771 2193 880 2258 111.
937 2191 1178 2256 Eodem
1213 2190 1404 2255 modo
1429 2201 1494 2254 et
1527 2189 1767 2270 anima,
1802 2211 1943 2276 quae
1974 2189 2254 2254 tunicam
2278 2189 2563 2278 corporis
2588 2211 2718 2277 ges-

683 2309 797 2373 tat,
820 2297 1011 2364 veluti
1037 2298 1399 2386 praeclaram
1416 2307 1682 2368 vestem,
1709 2297 1952 2382 pollens
1969 2295 2266 2362 facultate
2291 2294 2710 2371 discernendi,

682 2423 822 2490 quae
856 2401 1068 2491 dirigit
1093 2414 1287 2468 totam
1322 2423 1471 2466 cum
1504 2422 1774 2489 corpore
1806 2400 2079 2467 animam
2101 2450 2119 2477 ,
2153 2413 2584 2467 transeuntem
2607 2420 2717 2490 per

678 2530 939 2575 nemora
968 2521 1035 2574 et
1064 2508 1274 2598 spinas
1296 2507 1477 2582 vitae,
1519 2517 1585 2571 et
1619 2529 1734 2593 per
1765 2528 2051 2581 coenum,
2085 2520 2150 2572 et
2184 2508 2391 2595 ignem
2414 2556 2432 2583 ,
2467 2520 2533 2573 et
2566 2529 2692 2595 prae

679 2615 927 2703 cipitia,
962 2616 1086 2680 hoc
1121 2625 1248 2687 est,
1284 2612 1662 2700 cupiditates
1693 2624 1759 2677 ot
1793 2615 2182 2701 voluptates,
2217 2627 2281 2680 et
2311 2614 2582 2701 reliquas
2605 2613 2718 2679 hu-

675 2718 779 2807 jus
811 2718 1026 2783 saeculi
1059 2717 1479 2781 absurditates
1499 2764 1518 2790 ,
1557 2716 1794 2804 ubique
1829 2720 2020 2784 debet
2048 2719 2293 2795 sobrie,
2321 2719 2593 2795 fortiter,
2629 2718 2716 2784 di-

678 2823 950 2922 ligenter
985 2833 1051 2886 et
1084 2831 1324 2887 attente
1355 2820 1683 2898 continere
1713 2835 1779 2888 et
1808 2825 2144 2894 observare
2179 2848 2247 2890 se
2276 2824 2471 2914 ipsam
2491 2873 2509 2900 ,
2535 2838 2600 2891 et
2625 2838 2716 2889 tu-

679 2927 890 2994 nicam
935 2926 1258 3014 corporis,
1304 2948 1384 2991 ne
1430 2926 1812 2993 dilaceretur
1862 2929 2028 2995 inter
2079 2931 2338 2995 frutices
2390 2943 2456 2996 et
2505 2930 2712 3020 'spinas

676 3032 871 3122 hujus
901 3031 1159 3107 mundi,
1196 3044 1267 3097 ut
1297 3044 1444 3097 sunt
1473 3033 1961 3109 sollicitudines,
2004 3034 2252 3123 negotia
2284 3048 2351 3100 et
2382 3057 2549 3100 curae
2594 3049 2713 3122 ter—

678 3153 941 3214 restres;
979 3151 1088 3204 aut
1108 3139 1187 3203 ab
1211 3138 1355 3226 igne
1392 3140 1923 3228 concupiscentiae
1952 3142 2402 3208 comburatur:
2441 3164 2513 3206 ea
2545 3143 2716 3206 velut

679 3243 900 3310 induta
945 3244 1205 3308 oculum
1254 3244 1518 3319 avertit,
1562 3266 1645 3309 ne
1690 3243 1901 3309 videat
1952 3243 2297 3314 malitiam:
2338 3246 2624 3311 similiter
2651 3256 2716 3308 et

678 3370 894 3424 aures,
928 3370 1009 3413 ne
1049 3347 1306 3413 audiant
1345 3348 1835 3415 detrectationes
1873 3372 1891 3414 ε
1942 3350 2263 3439 linguam,
2306 3373 2389 3416 ne
2419 3354 2717 3437 loquatur

672 3475 830 3519 vana
860 3475 875 3518 z
913 3475 1137 3518 manus
1168 3465 1232 3518 et
1260 3456 1453 3541 pedes
1479 3455 1558 3519 ab
1592 3454 1948 3519 actionibus
1985 3467 2052 3521 et
2082 3455 2305 3520 studiis
2338 3453 2705 3520 inhonestis.

670 3559 882 3626 Habet
932 3557 1101 3623 enim
1156 3560 1367 3625 anima
1418 3560 1811 3630 volunutem
1865 3563 2228 3640 avertendi,
2283 3575 2348 3628 et
2412 3559 2715 3632 avocandi
2821 3645 2828 3650 ‚

672 3663 962 3728 membra
995 3662 1277 3752 corporis
1315 3663 1395 3726 ab
1439 3662 1788 3730 inhonestis
1827 3667 2236 3754 spectaculis,
2280 3666 2357 3732 d)
2394 3667 2717 3734 ausculta-—

670 3768 843 3834 tione
886 3766 1065 3856 ejus,
1114 3769 1289 3854 quod
1318 3769 1561 3834 malum
1591 3781 1655 3834 et
1700 3781 1888 3859 turpe
1917 3783 2047 3846 est,
2093 3794 2128 3836 a
2170 3791 2461 3837 sermone
2502 3769 2717 3834 minus

674 3872 922 3940 decenti
948 3881 979 3951 ,“
1004 3884 1070 3937 et
1103 3869 1325 3935 officiis
1363 3873 1704 3940 mundanis
1734 3896 1808 3940 ac
1839 3876 2170 3962 perversis.

758 3977 860 4052 IV.
914 3975 1160 4048 Avertit
1199 3976 1390 4047 etiam
1436 4001 1506 4048 se
1550 3978 1751 4068 ipsam
1802 3981 2010 4048 anima
2058 3981 2140 4048 ab
2185 3977 2718 4069 occupationibus
