2982 4885
1097 646 1355 696 notatu
1400 650 1615 693 xxvm.
1946 666 1963 681 ν
2251 657 2375 722 217
2486 688 2491 693 .

345 888 709 908 mmmm·
720 890 899 911 ww·
909 889 1637 914 mmmmwmssssw
1650 894 2289 919 mssimmmuq
2299 900 2391 921 m

972 1086 1375 1158 HOMILIA
1422 1089 1748 1159 XXVIII.

347 1326 699 1399 Describit
743 1352 830 1398 ac
899 1325 1234 1425 deplorat
1292 1327 1454 1399 hoec
1511 1326 1831 1397 Homilia
1898 1327 2383 1401 calamitatem

444 1447 747 1525 am'moe,
807 1446 882 1510 in
936 1466 1077 1536 qua
1111 1456 1413 1537 propter·
1459 1456 1847 1539 peccatum
1902 1468 2049 1513 non
2102 1443 2389 1513 habitat
2456 1440 2463 1453 ¹

455 1545 793 1622 Christus.
866 1556 966 1619 Ec
1022 1552 1115 1620 de
1172 1558 1449 1623 Ioanne
1509 1556 1837 1651 Baptista
1872 1608 1894 1640 ,
1956 1555 2163 1651 quod
2211 1557 2395 1625 inter
2476 1652 2479 1655 A

447 1679 658 1735 natos
698 1662 1067 1733 mulierum
1122 1662 1396 1771 nullus*
1410 1689 1497 1736 eo
1544 1671 1641 1736 sic
1681 1665 1931 1764 major.

439 1905 486 1969 Ι.
545 1901 1033 1983 Qussuanuonum
1081 1904 1232 1969 olim
1287 1903 1454 1970 Deus
1506 1905 1786 1971 infensus
1831 1903 1873 1969 J
1878 1904 2069 1970 udaeis
2130 1903 2391 1970 tradidit

347 2006 699 2074 Jerusalem
723 2007 787 2073 in
819 2011 1254 2097 spectaculum
1281 2009 1604 2097 hostibus,
1632 2024 1698 2077 et
1727 2009 2034 2075 dominati
2062 2018 2212 2074 sunt
2241 2032 2350 2074 eos
2368 2058 2385 2084 ,

348 2111 455 2199 qui
481 2114 748 2179 oderant
781 2113 951 2189 illos,
979 2137 1096 2180 nec
1130 2128 1266 2180 erat
1289 2116 1557 2204 amplius
1584 2114 1672 2181 ibi
1699 2115 1927 2182 festum
1944 2163 1963 2190 ,
1989 2138 2196 2202 neque
2221 2115 2391 2180 obla-

353 2217 440 2282 tio
483 2241 499 2281 :
550 2218 638 2283 sic
691 2219 882 2283 etiam
938 2219 1135 2284 iratus
1199 2221 1460 2294 animae,
1511 2234 1773 2309 propter
1831 2219 2391 2307 transgressionem

353 2321 669 2392 mandati,
696 2321 953 2384 tradidit
976 2344 1117 2384 eam
1149 2322 1470 2396 hostibus,
1511 2324 1904 2388 daemonibus
1936 2337 2002 2388 et
2040 2322 2394 2386 affectioni-

358 2422 479 2488 bus
505 2445 522 2486 :
560 2422 670 2509 qui
700 2444 850 2486 cum
881 2421 971 2486 sic
1004 2424 1400 2489 seduxissent
1427 2447 1569 2488 eam
1589 2472 1607 2499 ,
1627 2426 1875 2512 penitus
1905 2450 2046 2490 eam
2078 2424 2395 2491 deforma-

359 2538 553 2591 runt:
592 2548 711 2591 nec
747 2527 1015 2614 amplius
1053 2525 1181 2592 illic
1228 2539 1362 2592 erat
1408 2526 1673 2604 festum,
1726 2551 1844 2594 nec
1878 2527 2206 2593 incensum
2229 2579 2246 2604 ,
2280 2552 2398 2596 nec

360 2631 595 2697 oblatio
619 2655 735 2721 per
764 2654 906 2697 eam
929 2632 1064 2697 Deo
1096 2632 1515 2709 offerebatur,
1544 2633 1798 2722 repletis
1820 2634 1885 2699 in
1909 2633 2024 2699 viis
2048 2633 2399 2722 insignibus

361 2736 500 2825 ejus
531 2737 680 2802 diris
704 2736 883 2811 seris,
914 2758 987 2801 ac
1014 2737 1341 2826 reptilibus
1366 2738 1687 2827 spiritibus
1717 2738 1781 2802 in
1813 2762 1887 2803 ea
1912 2738 2393 2805 diversantibus.

361 2843 443 2908 Et
474 2841 1010 2930 quemadmodum
1044 2846 1302 2920 domus,
1341 2845 1390 2909 si
1429 2858 1643 2910 careat
1672 2845 1944 2911 Domino
1977 2844 2396 2920 inhabitante,

364 2951 654 3015 tenebras
675 2998 694 3024 ,
729 2950 1036 3036 probrum
1051 2972 1122 3014 ac
1155 2950 1605 3015 contumeliam
1633 2951 1866 3028 induit,
1892 2951 2310 3039 sordibusque
2327 2972 2402 3016 ac
2478 2955 2486 2962 ’

360 3069 641 3121 stercore
694 3058 1007 3144 repletum
1072 3055 1160 3120 sic
1208 3077 1460 3143 quoque
1517 3056 1722 3132 anima
1774 3058 2101 3124 destituta-
2128 3057 2402 3123 Domino

364 3182 514 3235 suo,
547 3182 693 3225 cum
729 3160 984 3250 Angelis
1015 3159 1079 3224 in
1112 3184 1179 3226 se
1207 3161 1625 3249 tripudiante,
1652 3161 1931 3227 tenebris
1953 3163 2236 3251 peccati,
2272 3175 2401 3228 tur-

363 3266 648 3355 pitudine
681 3264 1086 3331 affectionum
1119 3279 1307 3355 atque
1339 3266 1515 3333 omui
1547 3267 1887 3356 ignominia
1912 3272 2213 3356 repletur.

452 3371 528 3436 11.
583 3371 690 3436 Vae
728 3371 881 3448 vim,
925 3371 976 3437 si
1022 3395 1211 3437 nemo
1251 3372 1315 3436 in
1353 3395 1427 3437 ea
1467 3363 1790 3446 ambulet,
1835 3393 1955 3435 nec
1989 3368 2206 3433 audiat
2238 3368 2301 3432 in
2332 3392 2405 3434 ea

364 3497 587 3541 vocem
628 3475 954 3540 bominis!
1005 3476 1151 3560 quia
1198 3479 1677 3559 receptaculum
1727 3487 1825 3540 est
1869 3471 2239 3537 bestiarum.
2300 3472 2402 3539 Vae

369 3580 592 3642 animae
627 3627 645 3652 ,
680 3580 731 3644 si
770 3602 899 3644 non
946 3577 1230 3641 ambulet
1268 3574 1333 3636 in
1380 3596 1453 3636 ea
1486 3577 1847 3666 Dominus,
1887 3587 2076 3661 atque
2107 3597 2263 3642 voce
2294 3600 2406 3644 sua

371 3681 546 3766 fuget
574 3704 651 3745 ex
670 3706 743 3746 ea
768 3682 1122 3770 spirituales
1153 3676 1448 3767 nequitiae
1481 3677 1749 3742 bestias!
1783 3679 1891 3744 Voe
1919 3676 2172 3752 domui,
2203 3680 2407 3744 sinon

376 3786 670 3858 dominus
707 3810 850 3852 eam
886 3787 1233 3850 inhabitet!
1267 3786 1375 3851 Va:
1410 3800 1630 3862 terrae,
1667 3786 1718 3851 si
1745 3784 2052 3861 caruerit,
2084 3784 2195 3872 qui
2224 3806 2408 3850 exer-

376 3903 518 3959 ceat
550 3912 728 3965 eam,
778 3891 1040 3955 colono!
1087 3891 1189 3957 Vae
1224 3891 1401 3966 navi,
1435 3892 1484 3958 si
1520 3890 1898 3957 destituatur
1934 3890 2362 3978 gubernatore
2385 3939 2403 3964 ,

376 3996 678 4088 quoniam
713 3993 1016 4061 fluctibus
1051 4008 1114 4061 et
1150 4009 1521 4085 tempestate
1559 3997 1751 4062 maris
1788 3995 2020 4083 jactata
2049 3994 2246 4086 perit!
2298 3995 2407 4062 Vae

377 4105 602 4174 animae
622 4153 642 4185 ,
693 4125 842 4179 cum
884 4125 1105 4176 verum
1147 4104 1638 4193 gubernatorem
1687 4102 2010 4175 Christum
2051 4102 2120 4173 in
2167 4125 2236 4172 se
2277 4122 2410 4171 non
