2982 4885
603 511 729 582 500
1398 534 1447 575 ε.
1502 532 1850 579 ιηιιωετιιιι

590 669 714 719 tnr.
761 649 887 730 Qui
925 660 992 714 et
1028 646 1302 711 audebat
1341 645 1556 711 dicere
1594 647 1904 713 mundum
1942 650 2023 714 ab
2065 650 2324 741 Angelis
2350 656 2633 722 factumz

586 759 866 845 Angelos
892 765 1100 818 autem
1131 751 1330 816 factos
1361 773 1395 814 a
1424 751 1804 837 quibusdam
1838 756 2129 820 sensibus
2160 760 2242 822 de
2274 763 2445 825 eoelo
2471 784 2631 849 pne-

595 863 760 936 ditis,
791 882 1023 945 eosque
1054 854 1342 921 fefellisse
1367 879 1563 942 genus
1587 856 1941 923 hominnm.
1986 861 2392 928 Intellectum
2419 877 2625 930 autern

527 985 536 993 ·
592 971 931 1058 quemdam
988 963 1181 1029 alium
1221 943 1438 1026 asserit
1486 986 1648 1038 esse,
1694 965 1802 1052 qui
1849 966 2182 1033 descendit
2216 970 2280 1034 in
2315 974 2624 1037 mundum

599 1074 813 1140 salutis
847 1067 1751 1144 causa‚hominum,Helenam
1776 1069 1945 1134 illam
1972 1070 2197 1158 inquit,
2234 1097 2375 1160 quae
2410 1076 2474 1140 in
2510 1089 2628 1142 tro·

595 1184 738 1267 jano
771 1177 937 1243 bello
966 1200 998 1239 a
1028 1173 1229 1262 poe’tis
1254 1173 1601 1238 vanissimis
1630 1175 1813 1239 aedita
1847 1177 2191 1247 iuintiatur.
2235 1180 2313 1244 Et
2338 1182 2621 1257 virtutes.

594 1286 817 1373 inquit,
851 1300 990 1370 quae
1021 1281 1331 1345 mundum
1357 1279 1660 1354 fecerant,
1691 1282 2205 1370 concupiscentia
2231 1287 2440 1350 ductae
2466 1287 2623 1384 iniqu

591 1391 878 1464 uolente,
912 1384 1283 1450 seditionem
1324 1385 1663 1453 movebant
1693 1411 1708 1450 ε
1734 1414 1757 1443 α
1785 1386 1906 1450 Ista
1947 1387 2115 1453 enim
2158 1392 2337 1467 dans,
2390 1390 2615 1479 inquit,

589 1490 1166 1582 concupiscentiam
1200 1488 1318 1552 illis
1348 1486 1687 1553 virtutibus
1716 1502 1781 1554 et
1816 1490 1878 1555 in
1913 1489 2108 1579 figura
2136 1493 2407 1559 soeminae
2433 1519 2623 1586 appa-

589 1623 755 1678 rens,
810 1597 1148 1661 ascendere
1194 1594 1253 1658 in
1302 1595 1536 1656 coelum
1582 1618 1708 1658 non
1751 1605 2036 1681 poterat3
2073 1598 2219 1684 quia
2254 1599 2516 1665 virtutes
2560 1600 2622 1665 in

591 1707 754 1770 coelo
789 1725 926 1789 quae
966 1711 1180 1773 erant,
1221 1721 1345 1762 non
1376 1721 1517 1762 eam
1550 1699 2002 1786 permittebant
2033 1704 2375 1768 ascendere
2405 1727 2421 1768 ε
2449 1732 2473 1764 ι
2514 1687 2624 1769 eft-

589 1808 882 1899 pectabat
906 1817 1116 1868 autem
1140 1801 1435 1866 virtutem
1461 1803 1673 1877 aliam,
1702 1803 1763 1868 id
1786 1818 1917 1879 est,
1946 1805 2104 1893 Magi
2133 1806 2324 1894 ipsius
2349 1807 2620 1872 Simonis

588 1909 1010 1999 praesentiam,
1052 1928 1190 1992 quae
1222 1929 1363 1969 eam
1395 1909 1663 1972 salvaret
1697 1908 2055 1974 adveniens.
2101 1910 2399 1999 Ligneum
2423 1911 2613 1976 etiam

587 2034 847 2101 equum,
868 2032 1057 2096 quem
1077 2014 1275 2096 poetae
1298 2009 1611 2075 vanissimi
1629 2012 1848 2078 dicunt
1869 2014 1929 2077 in
1953 2014 2194 2101 trojano
2211 2016 2370 2079 bello
2387 2014 2600 2092 fuisse,

584 2141 702 2207 per
731 2113 1089 2202 allegoriam
1130 2112 1370 2187 asserit,
1405 2116 1581 2201 quod
1612 2115 1715 2180 illa
1759 2118 2054 2182 machina
2086 2119 2426 2207 ignorantia
2471 2132 2613 2184 erat

586 2223 1016 2286 universarum
1051 2219 1334 2306 gentium
1373 2218 1736 2307 impiarum.
1772 2245 1918 2288 cum
1951 2236 2200 2290 constet
2224 2223 2391 2289 illam
2425 2224 2618 2290 Hele-

592 2352 773 2403 nam,
822 2326 962 2414 quae
1007 2348 1153 2390 cum
1189 2325 1373 2413 Mago
1420 2338 1589 2402 erat,
1631 2330 1711 2393 (le
1748 2330 1916 2417 Tyro
1959 2330 2359 2395 meretricem
2392 2331 2611 2407 fuisse,

587 2437 879 2524 hancque
925 2431 1220 2499 eumdem
1265 2425 1591 2499 Simonem
1644 2436 1893 2524 Magum
1948 2436 2137 2502 fuisse
2184 2452 2505 2514 secutum,
2551 2451 2616 2505 et

586 2562 734 2605 cum
779 2538 1001 2603 eadem
1048 2538 1321 2602 diversas
1365 2538 1640 2626 magias,
1691 2542 2061 2629 diversaque
2108 2544 2347 2607 scelera
2394 2565 2614 2632 perpe-

588 2660 801 2708 trasse.
843 2640 970 2719 Qui
1003 2662 1149 2710 cum
1175 2641 1419 2727 sugeret
1451 2642 1707 2708 beatum
1741 2646 1997 2738 Petrum
2031 2650 2386 2735 apostolum
2411 2650 2490 2714 de
2515 2646 2619 2713 Je-

562 2744 1037 2831 ..ms‘olymitana
1060 2743 1334 2819 civitate,
1359 2746 1754 2836 Romamque
1777 2752 2043 2829 veniret,
2073 2750 2288 2839 ibique
2309 2762 2616 2841 pugnaret

562 2872 733 2919 ‚eum
759 2848 946 2913 beato
966 2847 1270 2935 Apostolo
1305 2853 1471 2939 apud
1496 2852 1809 2919 Neronem
1835 2879 2079 2946 regem,
2118 2859 2406 2924 devictus
2429 2858 2614 2924 undi-

580 2978 710 3042 que
733 2953 1019 3019 oratione
1044 2953 1214 3019 beati
1246 2955 1555 3044 Apostoli,
1583 2971 1770 3046 atque
1793 2984 2131 3050 percussus
2151 2963 2231 3028 ab
2260 2964 2491 3053 Angclo
2511 2961 2602 3029 sic

567 3058 820 3127 ,meruit
849 3057 1106 3124 interire
1123 3108 1140 3133 ,
1166 3072 1238 3124 ut
1259 3061 1318 3147 ej
1329 3085 1399 3126 us
1419 3063 1642 3147 magiae
1662 3066 1920 3132 evidens
1942 3069 2342 3136 mendacium
2361 3066 2608 3135 cunctis
