2982 4885
611 496 744 573 ⁴08
1299 512 1346 553 s.
1401 511 1664 556 uacum
1710 512 1980 554 AEevrru

612 642 854 718 egestas
880 631 1081 693 solum
1114 640 1179 691 et
1203 627 1526 715 igominia‚
1555 629 1666 692 sed
1689 641 1754 691 et
1779 652 1928 716 opes
1952 640 2017 692 et
2046 628 2256 693 honor
2277 634 2666 702 tentationes
2693 676 2696 677 ν
2730 689 2755 706 .

613 729 837 798 animae
874 732 1075 804 iiunt3
1126 732 1279 818 quin
1319 746 1384 797 et
1415 754 1494 795 ex
1525 744 1737 820 parte,
1784 733 1912 820 ipsa
1945 733 2335 810 consolatio,
2384 737 2521 824 ipsa
2561 740 2666 804 illa

614 841 801 904 beata
836 838 1022 925 quies-
1044 827 1122 902 ek
1157 836 1571 903 inhabitantis
1607 839 1774 902 dono
1809 837 2023 926 gratiae
2064 842 2502 928 complectens
2538 846 2665 910 ania

614 968 823 1019 mam3
858 943 978 1009 nisi
999 967 1066 1008 se
1091 943 1195 1009 illa
1220 956 1468 1009 tantum
1494 944 1880 1018 boni,‘mera
1913 945 2028 1010 Dei
2054 946 2456 1021 liberalitate,
2480 953 2660 1015 nullo

620 1068 741 1116 sno
790 1064 1045 1117 nect-n
1087 1051 1316 1115 merito
1337 1100 1354 1124 ,
1398 1051 1619 1115 intime
1666 1051 1932 1125 sentiat,
1981 1064 2045 1114 et
2092 1054 2358 1116 multam
2408 1055 2662 1143 insuper

616 1154 952 1229 adhibent,
996 1176 1144 1220 cum
1193 1155 1444 1219 modica
1489 1155 1585 1219 sui
1634 1155 2080 1229 aestimatione,
2135 1157 2663 1246 circumspectio-

615 1283 790 1326 nem.
834 1262 996 1344 Nam
1023 1261 1160 1325 sine
1190 1260 1288 1325 his
1314 1310 1331 1335 ,
1369 1263 1686 1328 excellens
1723 1261 1858 1325 haec
1896 1262 2092 1349 gratia
2114 1311 2131 1336 ,
2178 1265 2349 1326 valde
2379 1287 2664 1350 pronum

617 1387 849 1430 secum
891 1365 1074 1431 affert
1097 1365 1451 1454 periculum
1476 1365 1802 1455 praehendi
1832 1366 1931 1439 ei,
1966 1387 2156 1452 quam
2181 1378 2388 1439 ornat,
2427 1367 2664 1433 animae

621 1470 1027 1535 occasionem
1054 1470 1419 1534 tentationis
1439 1520 1456 1545 ,
1497 1483 1561 1535 et
1589 1470 1930 1558 objiciendi
1956 1470 2265 1558 profectui
2295 1470 2430 1556 ejus
2442 1472 2667 1536 obsta-

624 1575 867 1640 culum&
930 1575 1161 1663 Utpete
1197 1576 1569 1641 insidiatore
1632 1578 1801 1641 malo
1847 1577 2131 1640 daemone
2160 1626 2176 1650 ‚
2228 1577 2443 1642 conari
2479 1576 2679 1643 solito·

623 1678 819 1764 hujus
841 1728 857 1753 ‚
896 1698 1020 1765 qua
1062 1680 1233 1743 videt
1265 1679 1388 1744 srui
1426 1680 1737 1755 animam,
1772 1693 2078 1768 praetextu
2112 1695 2177 1745 et
2207 1678 2441 1746 fiducia
2472 1683 2660 1747 nimia

625 1781 842 1871 gratiae
864 1831 879 1854 ,
909 1783 1140 1846 sensim
1173 1785 1451 1847 relaxare
1483 1785 1958 1848 contentionem
1982 1786 2045 1849 iu
2066 1786 2364 1850 ulteriora
2391 1787 2654 1864 nitendi,

623 1888 1077 1972 lmgoremque
1099 1898 1166 1950 et
1187 1889 1547 1973 neglectum
1569 1887 1851 1974 injicere.
1881 1891 2092 1976 Atque
2118 1895 2276 1957 adeo
2297 1893 2420 1981 ipsa
2437 1874 2667 1980 gratia(
2684 1935 2712 1953 .

625 1999 708 2052 ut
744 2009 966 2051 secure
1008 1988 1387 2076 innoxieque
1425 1990 1847 2077 possideatur,
1899 1996 2090 2081 exigit
2135 1998 2199 2060 in
2236 1998 2351 2063 illo
2391 1999 2488 2086 qui
2516 2021 2660 2061 eam

628 2092 897 2182 percipit
925 2106 1322 2162 reverentem
1364 2099 1706 2185 quamdam
1735 2099 2252 2186 trepidationem,
2283 2126 2403 2191 qua
2438 2104 2497 2168 in
2520 2103 2666 2191 vigi-

628 2199 777 2266 liam
821 2212 1085 2266 acuatur
1127 2201 1707 2292 circumspectandi
1753 2226 1826 2270 ac
1858 2205 2236 2294 disponendi
2269 2206 2694 2298 providente-r¹

633 2315 903 2381 mantin
928 2317 1001 2371 ut
1015 2318 1081 2372 et
1095 2309 1334 2373 donum
1352 2321 1601 2375 tantum
1626 2310 1845 2396 quanti
1863 2313 2030 2376 valet
2047 2314 2307 2378 aestimet
2324 2340 2342 2385 3
2368 2327 2431 2377 et
2449 2315 2674 2401 dignos

636 2411 778 2498 ejus
790 2410 1032 2477 fructus
1055 2428 1506 2501 repraesentare
1523 2416 1790 2481 studeam
1819 2415 2040 2504 Igitur,
2063 2440 2185 2482 non
2211 2419 2285 2481 ab
2318 2416 2687 2482 afflictioni-

635 2516 760 2581 bus
790 2519 1019 2591 solum,
1048 2519 1157 2582 sed
1186 2530 1252 2583 et
1282 2542 1315 2583 a
1345 2519 1882 2586 consolationibus
1899 2524 2274 2610 periclitatur
2296 2518 2504 2582 anima
2530 2532 2603 2583 te
2615 2544 2695 2583 n-

640 2620 780 2684 tari.
804 2620 883 2683 Et
905 2643 1020 2708 per
1040 2622 1259 2686 ambas
1290 2623 1433 2687 istas
1458 2646 1558 2687 res
1595 2646 1628 2686 a
1661 2624 2014 2693 Conditore
2045 2627 2258 2691 animae
2288 2623 2686 2710 probantur,

641 2736 712 2791 ut
728 2723 823 2788 his
846 2724 1386 2810 explorationibus
1402 2727 1737 2793 manifesto
1762 2745 2061 2819 appareat
2089 2733 2304 2817 quales
2335 2726 2688 2792 sint‘z'mer-

2682 1653 2740 1697 4.

642 2828 1054 2893 «κωπίω-[161]
1512 2833 1856 2909 charitatis,
1876 2848 2149 2920 quaestu's
2161 2836 2256 2897 sui
2273 2856 2461 2898 causa
2475 2833 2681 2898 Deum

642 2944 925 2997 amantes
948 2957 967 3007 3
996 2956 1054 2998 a:
1512 2963 1587 3003 er
1603 2962 1667 3003 se
1685 2940 1888 3025 ipsum
1906 2959 2053 3000 eum
2083 2936 2347 3021 diligant
2367 2985 2384 3010 ‚
2420 2940 2584 3025 quod
2600 2937 2680 3006 il-:

639 3039 815 3109 lum‘,
846 3050 1028 3103 utest
1052 3063 1114 3105 m
1130 3064 1244 3107 sua
1269 3057 1490 3109 natura
1517 3043 1766 3130 propria
1786 3088 1803 3112 ,
1834 3040 1988 3100 citra
2018 3050 2387 3123 respectum
2423 3046 2501 3108 ad
2526 3062 2636 3105 nos
2655 3089 2676 3114 ,

643 3144 817 3209 omni
849 3146 1111 3235 dignum
1129 3172 1340 3213 amore
1354 3150 1716 3226 honoreque
1735 3141 1953 3206 sciant.
1985 3144 2062 3206 Ut
2081 3157 2294 3210 autem
2315 3148 2684 3235 negligenti,

643 3249 960 3317 modicam
978 3251 1233 3318 habenti
1250 3248 1463 3319 fidem,
1484 3257 1548 3310 et
1570 3244 1898 3330 pueriliter
1925 3248 2138 3314 adhuc
2165 3252 2458 3339 sapienti,
2489 3255 2696 3341 impe-

649 3355 932 3420 dimento
957 3357 1089 3418 haec
1108 3364 1247 3416 sunt
1275 3353 1347 3414 ad
1366 3360 1669 3412 aeternam
1693 3349 1887 3414 vitam
1914 3375 1929 3415 ε
1965 3353 2262 3419 videlicet
2282 3368 2405 3419 tam
2437 3359 2705 3446 acerbae,

651 3480 725 3524 ac
752 3457 1079 3519 laboriosae
1095 3474 1220 3525 ηε.
1241 3464 1313 3516 ut
1331 3452 1574 3527 morbi,
1594 3453 1875 3542 penuriae
1896 3504 1914 3530 ,
1945 3456 2548 3543 ignominiae3quam
2585 3460 2702 3526 his

650 3555 1011 3628 contrat-ize,
1040 3555 1295 3633 divitiae,
1323 3558 1553 3645 gloria,
1584 3559 1801 3624 laudes
1835 3573 1901 3625 et
1938 3564 2267 3649 applausus
2296 3560 2698 3638 hominum}

652 3671 1082 3749 praetereaque
1118 3679 1408 3752 pungens
1447 3663 1511 3727 in
1553 3663 1805 3727 occulto
1852 3662 2100 3729 Satanae
2138 3662 2554 3751 impugnati03
2591 3648 2704 3733 sic

650 3784 867 3830 rursus
888 3813 903 3837 ,
952 3766 1132 3831 aliter
1183 3767 1553 3855 dispositos,
1601 3766 1666 3830 in
1716 3769 1858 3831 loco
1909 3782 2406 3834 memoratorum
2450 3770 2697 3849 modo,

651 3891 897 3960 ponens
950 3871 1223 3960 reperies
1250 3895 1265 3935 ε
1302 3870 1650 3936 servidwin
1679 3869 1852 3947 fide,
1902 3874 2197 3961 prudenti
2217 3924 2231 3947 .
2277 3885 2341 3938 et
2384 3887 2703 3961 generose

650 3973 798 4042 forti
827 3976 1103 4043 subsidia
1126 3976 1338 4064 potius
1368 3986 1436 4042 et
1456 3974 1826 4063 adjumenta
1847 3997 1948 4042 res
1983 3977 2120 4046 illas
2151 3980 2406 4045 easdem
2435 3999 2585 4046 esse
2605 3978 2704 4048 ad
