2982 4885
1106 534 1673 580 Arorurnssemu.
2292 522 2370 593 42
2387 544 2409 585 ι

421 684 426 689 ·
460 647 627 714 Dixit
659 670 847 713 senex
882 672 899 713 :
937 649 1182 726 Oratio,
1219 662 1284 715 ct
1319 673 1540 715 sensus
1563 648 1754 715 sobrii
1789 650 2163 740 attentiqne,
2198 652 2413 717 simut·

375 776 500 841 que
535 754 776 819 vexatio
832 756 1117 842 corporis
1141 806 1157 830 ‚
1209 780 1357 821 cnm
1412 753 1856 820 abundantiori
1908 756 2227 843 dil'gentia
2276 759 2414 824 Duo

374 862 1069 944 perseveranteroblata
1092 910 1111 936 ,
1136 861 1198 925 in
1222 860 1733 949 perturbationes
1748 870 2059 947 potestate
2083 862 2411 929 hominem

374 961 712 1029 instruunt.

461 1050 889 1159 Interrogatus
920 1086 1016 1139 est
1047 1097 1271 1140 senex:
1309 1073 1480 1154 Quid
1514 1084 1633 1143 cst,
1672 1070 1883 1135 vivere
1914 1071 2239 1138 hominem
2266 1089 2406 1140 tan-

374 1194 564 1259 quam
600 1175 917 1257 hospitom
950 1193 1014 1245 et
1049 1176 1494 1268 peregrinum?
1524 1176 1665 1249 Dic,
1696 1176 1916 1263 inquit,
1942 1178 2097 1252 tibi;
2126 1179 2318 1267 Tace,
2343 1193 2408 1245 ot

373 1299 500 1342 non
535 1278 739 1345 babeo
766 1283 870 1347 bic
895 1286 1251 1372 negotium<
1290 1285 1437 1348 Haec
1465 1283 1619 1346 itera
1650 1294 1715 1346 et
1745 1282 1840 1346 sac
1870 1283 1931 1347 in
1962 1285 2137 1348 omni
2169 1288 2312 1350 loco
2346 1298 2412 1350 et

374 1384 774 1470 operatione3
814 1400 964 1454 tunc
997 1391 1122 1454 eris
1154 1413 1300 1453 vere
1328 1390 1389 1452 in
1422 1399 1588 1451 statu
1615 1388 1870 1450 advenae
1903 1400 1965 1451 et
2000 1390 2335 1477 peregrini.

470 1487 878 1555 Dixitsenex:
912 1493 1049 1558 Vita
1066 1505 1279 1557 sancta
1299 1492 1432 1556 sine
1457 1490 1772 1563 doctrina,
1792 1494 1974 1575 plura
1990 1493 2155 1555 bona
2182 1494 2401 1568 efficit,

375 1612 570 1678 quam
608 1594 894 1659 doctrina
920 1598 1054 1662 sine
1082 1597 1203 1663 vita
1236 1610 1471 1661 sancta.
1508 1596 1666 1661 Nam
1698 1607 1951 1660 sauctus
1986 1595 2280 1667 indoctus
2312 1600 2413 1683 yet
2446 1610 2451 1613 ⁴

377 1704 596 1761 tacens
641 1698 1001 1766 videntibus
1047 1703 1303 1791 prodest
1340 1725 1354 1765 :
1392 1704 1620 1765 doctus
1651 1699 1787 1765 siue
1817 1700 2184 1775 sanctitate,
2221 1699 2414 1764 ctiam

376 1800 583 1864 solum
619 1802 924 1890 cogitans,
959 1806 1279 1870 obturbat.
1326 1805 1392 1869 Si
1427 1815 1641 1867 autem
1681 1802 1971 1867 doctrina
2015 1826 2167 1867 sana
2197 1815 2260 1867 et
2294 1802 2419 1867 vita

375 1919 591 1970 sancta
630 1907 693 1971 in
731 1932 926 1973 unum
966 1922 1394 1983 concurrant,
1426 1909 1848 1998 philosophiae
1882 1909 2073 1974 totius
2108 1932 2320 1972 veram
2350 1922 2417 1973 et

373 2011 626 2099 plenam
655 2014 935 2102 speciem
958 2016 1312 2081 absolvunt.

456 2117 623 2182 Dixit
655 2142 844 2184 senex
879 2144 896 2185 τ
934 2121 1026 2187 Ne
1062 2121 1336 2194 ambias,
1384 2132 1494 2184 aut
1542 2119 1817 2184 libenter
1871 2119 2170 2184 admittas
2218 2131 2414 2208 caput

368 2217 507 2284 fieri
540 2225 1047 2310 congregationis
1091 2227 1359 2288 fratrum
1382 2272 1399 2296 ,
1435 2246 1518 2285 ne
1564 2223 1725 2286 sorte
1771 2224 2058 2307 imponas
2090 2225 2256 2287 collo
2300 2236 2413 2288 tuo

371 2323 724 2391 alienorum
753 2348 945 2389 onera
980 2340 1419 2414 peccatorum.

458 2424 634 2490 Dixit'
650 2428 815 2492 idem
841 2451 1029 2494 senex
1058 2452 1073 2492 z
1111 2428 1256 2494 Vim
1291 2427 1409 2491 sibi
1436 2425 1641 2491 facere
1672 2428 1738 2491 in
1768 2425 2036 2499 orando,
2063 2437 2128 2490 et
2154 2428 2407 2495 aridita-

372 2542 499 2595 tem
535 2530 642 2622 diju
675 2531 837 2597 serre
872 2533 1205 2619 patienter,
1239 2531 1459 2620 gignit,
1499 2553 1680 2596 orare
1722 2553 1869 2595 cum
1902 2531 2134 2617 gaudio
2164 2543 2229 2596 et
2261 2555 2411 2598 cum

371 2636 599 2723 quiete.
641 2636 790 2704 Vim
827 2637 943 2702 sibi
976 2638 1184 2703 facere
1209 2641 1288 2703 ad
1323 2636 1519 2701 robur
1557 2635 1712 2702 boni
1749 2634 2054 2725 propositi
2080 2635 2355 2724 pertinet
2389 2661 2408 2703 ε

371 2760 554 2804 orare
602 2754 812 2807 autem
853 2766 1000 2808 cum
1024 2742 1238 2831 quiete
1263 2765 1498 2808 munus
1512 2754 1608 2806 est
1635 2742 1870 2830 gratiae.

817 2931 1216 3020 niz-Anaua
1253 2968 1569 3020 ”Ammo
1606 2965 1953 3018 sacrm-50.

455 3163 502 3226 1.
529 3162 875 3229 ›Nannavrr
894 3166 971 3229 de
997 3188 1062 3230 se
1089 3164 1221 3254 ipso
1236 3163 1453 3230 Abbas
1467 3162 1777 3228 Macarius
1803 3163 1884 3227 ad
1905 3161 2079 3228 hune
2100 3163 2399 3230 modum:

371 3264 642 3345 Quando
678 3290 852 3333 eram
883 3269 1164 3356 juvenis,
1212 3281 1276 3335 et
1306 3269 1369 3334 in
1400 3271 1558 3333 cella
1602 3267 1957 3338 residebant
1992 3268 2056 3329 in
2101 3267 2403 3361 AEgypto3

371 3372 929 3459 apprehenderunt
951 3397 1052 3437 me
1078 3396 1150 3437 ac
1189 3375 1478 3437 fecerunt
1504 3371 1810 3436 clericum
1838 3369 1901 3432 in
1929 3368 2065 3430 vico
2094 3392 2111 3439 ;
2146 3368 2257 3431 sed
2293 3391 2410 3432 no-

369 3476 503 3539 lens
519 3476 950 3563 acquiescere,
980 3472 1110 3558 fugi
1135 3475 1215 3535 ad
1239 3474 1688 3537 alium‘locum.
1716 3470 1902 3535 Venit
1927 3470 2007 3534 ad
2034 3490 2135 3531 me
2156 3473 2411 3535 saecula-

369 3577 454 3642 ris
497 3577 594 3641 vir
633 3579 805 3665 pius,
853 3574 960 3659 qui
1005 3571 1356 3657 accipiebat
1392 3574 1566 3655 quod
1614 3575 1907 3637 manibus
1955 3570 2297 3658 operabar,
2345 3586 2412 3638 et

371 3679 772 3742 ministrabat
827 3676 1003 3740 mihi.
1060 3675 1339 3763 Contigit
1396 3684 1608 3738 autem
1665 3696 1783 3761 per
1836 3674 2275 3749 tentationem,
2335 3689 2411 3741 ut

372 3782 661 3870 quaedam
685 3781 860 3870 virgo
895 3781 950 3845 vi
981 3784 1270 3870 prolapsa
1309 3781 1387 3844 sit
1420 3780 1482 3844 in
1511 3790 1820 3868 stuprum.
1863 3779 1949 3842 Ea
1978 3800 2123 3843 eum
2155 3791 2409 3846 uterum

369 3898 651 3976 gereret,
690 3886 1194 3975 interrogabatur
1216 3934 1238 3960 ,
1259 3885 1399 3976 quis
1430 3896 1596 3950 esset
1625 3894 1848 3948 auctor
1883 3881 2214 3947 criminis?
2242 3883 2401 3949 Res-

371 3991 593 4081 pondit
636 3991 845 4079 itaque
892 3991 1357 4086 Anachoretam
1400 4013 1556 4086 esse.
1600 3990 1781 4054 Unde
1824 3987 2052 4075 egressi
2110 4010 2423 4088 compre-1
