2982 4885
624 448 753 521 238
1296 450 1344 502 ι.
1401 448 1667 501 uacum
1712 448 1982 499 zerem

619 620 650 660 ι
666 582 1276 660 consummationem
1295 625 1313 651 ,
1342 573 1556 639 saeculi
1574 570 1621 638 ¹.
1651 599 1677 634 n
1702 569 1988 638 Habebat
2010 565 2291 659 pontifex
2314 567 2380 634 in
2401 578 2662 659 pectore

623 700 779 775 duos
816 690 1057 780 lapides
1087 683 1432 774 pretiosos,
1466 677 1574 766 qui
1600 676 2012 743 continebant
2038 674 2293 739 nomina
2328 675 2666 742 duodecim

620 796 1150 871 Patriarcharum.
1183 787 1319 853 mic
1346 786 1520 873 quod
1550 781 1738 849 siebat
1757 832 1775 857 ,
1804 794 1899 846 est
1928 779 2125 871 figura
2157 804 2171 845 ε
2199 780 2485 865 εἰορυίω
2520 804 2668 870 quo·

624 928 748 995 que
772 890 1084 993 Qeminus
1108 895 1370 959 indutus
1396 884 1738 955 duodecim
1766 886 1814 951 A
1823 885 2084 976 postolis
2103 936 2120 961 ,
2147 885 2316 952 misit
2336 910 2452 952 eos
2476 882 2673 951 Evan-

632 1009 881 1101 gelistas
900 1017 965 1070 et
991 1021 1317 1094 praecones
1340 992 1616 1061 universi
1641 993 1883 1059 mundi.
1908 992 2095 1059 Vides
2110 993 2422 1080 quomodo
2445 993 2678 1055 umbra

636 1111 1147 1204 appropinquans
1181 1103 1510 1169 veritatem
1555 1090 1839 1173 indidem
1884 1096 2427 1185 ‘quemadmodum
2463 1108 2680 1161 autem

634 1220 866 1287 umbra
898 1214 1057 1281 nihil
1116 1210 1397 1282 confert,
1448 1228 1568 1272 nec
1599 1205 1921 1270 laboribus
1952 1206 2242 1270 medetur
2278 1226 2296 1266 ε
2345 1202 2433 1267 sie
2474 1221 2678 1288 neque

640 1324 896 1410 antiqua
921 1323 1021 1385 lex
1054 1319 1313 1396 vulnera
1351 1312 1573 1378 animae
1604 1306 1681 1376 ae
1712 1311 2032 1378 molestias
2072 1332 2292 1377 sanare
2312 1307 2513 1399 potuit
2541 1328 2556 1370 :
2592 1303 2681 1371 si-

643 1429 902 1521 quidem
931 1425 1125 1490 vitam
1148 1442 1280 1489 non
1315 1417 1615 1485 habebat.

733 1531 840 1599 VI.
880 1530 1036 1596 Duae
1052 1528 1225 1592 enim
1248 1546 1534 1615 personae
1559 1520 1925 1609 conjunctae
1949 1516 2297 1610 perfectam
2318 1538 2448 1583 rem
2471 1534 2689 1602 quam-

650 1635 822 1729 piam
854 1635 1164 1707 effieiunt,
1199 1631 1522 1704 videlicet,
1553 1628 1679 1692 duo
1701 1628 2119 1692 Testamenta.
2153 1622 2604 1711 Adimaginem
2625 1628 2690 1683 et

656 1741 1131 1809 similitudinem
1176 1735 1293 1799 Dei
1335 1735 1528 1796 homo
1581 1730 1784 1794 sactus
1834 1742 1971 1800 est,
2016 1731 2175 1791 duos
2206 1731 2426 1792 oculos
2465 1726 2692 1797 habet,

657 1849 812 1910 duas
843 1862 1061 1912 nares,
1098 1840 1252 1900 duas
1288 1855 1549 1905 manus»,
1595 1832 1753 1894 duos
1785 1832 1975 1917 pedes
2005 1851 2022 1890 ε
2062 1851 2252 1914 quem
2285 1831 2335 1891 si
2370 1830 2703 1916 contingat

655 1943 1005 2007 unoculum
1036 1948 1145 2001 aut
1196 1932 1569 1999 unimanum
1604 1954 1769 2006 esse,
1811 1942 1919 1992 aut
1976 1932 2172 1994 altero
2228 1931 2392 2017 pede
2446 1951 2704 2007 carere,

658 2046 832 2111 velut
853 2036 1411 2129 reprehendendus
1433 2046 1548 2099 est.
1579 2033 1709 2099 Aut
1732 2032 2268 2119 quemadmodum
2297 2032 2424 2098 avis
2442 2084 2460 2109 ,
2487 2033 2539 2097 si
2565 2035 2705 2099 uni-

660 2166 801 2211 cam
855 2140 1149 2207 habuerit
1192 2142 1396 2214 alam,
1450 2161 1525 2203 ea
1578 2139 1708 2202 sola
1743 2140 1954 2202 volare
1997 2137 2249 2225 nequit3
2301 2135 2392 2201 sie
2446 2160 2702 2225 quoque

659 2248 940 2316 humana
963 2258 1185 2312 natura
1205 2295 1223 2321 ,
1258 2244 1310 2309 si
1336 2243 1509 2308 nuda
1543 2243 1754 2330 quoad
1777 2265 1842 2307 se
1866 2254 2148 2316 maneat,
2183 2253 2247 2307 et
2280 2265 2412 2307 non
2440 2243 2699 2332 recipiat

661 2354 1032 2422 mixtionem
1064 2364 1128 2417 et
1158 2348 1678 2417 communionem
1713 2346 1983 2411 coelestis
2013 2358 2293 2423 naturae,
2326 2338 2483 2413 nihil
2515 2348 2697 2412 laude

668 2462 930 2553 dignum
952 2442 1177 2532 {mein
1209 2457 1318 2523 sed
1345 2457 1516 2520 nuda
1540 2447 1785 2534 manet',
1810 2464 1871 2516 et
1891 2453 2202 2541 culpanda
2227 2453 2290 2519 in
2316 2476 2426 2518 sua
2449 2467 2692 2530 natura,

669 2580 736 2635 et
766 2563 1056 2633 sordibus
1093 2561 1327 2628 multis.
1376 2559 1516 2648 Ipsa
1550 2557 1719 2622 enim
1750 2557 1958 2623 anima
1988 2560 2294 2648 templum
2336 2559 2453 2625 Dei
2485 2572 2551 2626 et
2578 2561 2701 2625 do-

669 2670 980 2765 micilium
1026 2667 1331 2754 appellata
1366 2676 1498 2738 est,
1548 2684 1778 2751 sponsa
1812 2657 1994 2754 regis.
2042 2645 2256 2753 Inquit
2283 2665 2496 2732 enim:
2541 2693 2567 2726 ι
2596 2665 2700 2730 In-

671 2773 1017 2838 »habitabo
1060 2768 1121 2833 iu
1165 2768 1285 2833 illis
1334 2779 1398 2832 et
1445 2763 1921 2831 inambulabo².
1953 2795 1977 2829 ι
2008 2767 2102 2834 Ita
2142 2768 2276 2834 Deo
2317 2770 2587 2858 placuit,
2628 2780 2701 2833 ut

676 2876 1066 2944 descendens
1095 2895 1131 2936 e
1163 2871 1394 2938 sanctis
1429 2871 1643 2948 coelis,
1687 2885 2035 2938 assumeret
2076 2887 2363 2950 naturam
2400 2888 2575 2940 tuam
2612 2896 2704 2938 ra-

675 2983 977 3048 tionalem
1005 3029 1024 3054 ,
1088 2981 1346 3070 carnem
1402 2997 1636 3066 nempe
1691 2989 2006 3043 terrenam
2020 3027 2044 3076 ξ
2093 2999 2277 3067 quam
2333 2978 2710 3065 temperavit

680 3106 832 3151 cum
876 3080 1087 3148 divino
1133 3104 1248 3147 suo
1312 3079 1589 3171 Spiritu,
1637 3093 1709 3146 ut
1758 3104 2012 3170 quoque
2054 3094 2127 3147 tu
2167 3096 2450 3148 terrenus
2491 3083 2712 3147 coeles-

678 3200 812 3255 tem
858 3186 1207 3276 susciperes
1254 3186 1546 3249 animam.
1593 3183 1675 3249 Et
1717 3184 1829 3249 ubi
1873 3185 2078 3251 anima
2127 3200 2236 3252 tua
2283 3209 2431 3251 eum
2475 3185 2712 3277 Spiritu

680 3290 1285 3402 communicaverit,
1329 3302 1396 3353 et
1443 3288 1720 3377 ingressa
1768 3290 1959 3358 suerit
2008 3292 2217 3358 anima
2271 3293 2542 3360 coelestis
2574 3291 2717 3359 ani-

680 3418 854 3464 mam
885 3410 1061 3462 tuam
1085 3443 1105 3470 ,
1142 3406 1271 3459 tum
1300 3390 1832 3480 perfectus-homo
1865 3394 1931 3461 in
1955 3396 2088 3462 Deo
2125 3419 2224 3473 es,
2266 3409 2332 3463 et
2373 3397 2604 3472 baeres,
2645 3405 2714 3461 et

681 3497 871 3567 filius.
983 3535 992 3544 ·

771 3603 902 3670 vll.
959 3585 1515 3682 Quemadmodum
1558 3626 1708 3670 vero
1752 3604 2149 3691 majestatem
2179 3605 2329 3682 Dei,
2368 3616 2432 3670 et
2461 3603 2716 3669 incom-

681 3707 1169 3800 prehensibilem
1214 3707 1353 3796 ejus
1397 3721 1724 3786 naturam,
1764 3731 1969 3797 neque
2001 3712 2324 3802 superiora
2357 3711 2585 3776 saeeula
2616 3730 2720 3773 ea-

679 3811 896 3905 piunt,
937 3834 1145 3922 neque
1181 3811 1474 3879 inferiora
1504 3835 1519 3877 ε
1555 3811 1645 3878 sic
1683 3835 1722 3877 e
1753 3835 2057 3885 converso
2102 3816 2536 3887 humilitatem
2567 3810 2733 3900 Det,-

753 3963 772 3990 ⁸
798 3951 977 4005 nauh.
998 3963 1158 4008 xxvm
1172 3985 1190 4011 ,
1213 3967 1296 4003 ao.
1326 3977 1390 3991 -
1413 3964 1436 3990 ⁸
1466 3968 1495 4003 a
1514 3949 1635 4003 Cor.
1657 3967 1706 4002 vi
1720 3983 1741 4016 ,
1772 3951 1849 4005 16.
