2982 4885
673 450 803 539 476
1347 468 1585 513 ancum
1634 468 2025 512 oulen-ritus.

754 585 1053 657 XXXVI.
1104 585 1297 666 Quod
1335 584 1386 650 si
1421 584 1645 672 aliquis
1682 587 1930 651 locutus
1968 582 2195 660 suerit,
2241 589 2344 653 vel
2381 588 2606 656 riserit
2641 592 2700 658 in

669 696 1015 767 vescendo,
1056 692 1443 779 increpetur,
1476 703 1542 755 et
1573 703 1717 779 agat
1741 690 2206 778 poenitentiam.

755 798 1087 866 XXXVII.
1144 798 1208 863 Si
1264 797 1404 884 quis
1461 797 1543 861 ad
1602 798 2120 861 manducandum
2174 799 2419 865 tardius
2469 804 2704 866 venerit

668 904 904 991 absque
935 902 1193 992 majoris
1229 901 1528 990 imperio,
1570 900 1856 973 simffiter
1898 912 2038 989 agat
2077 901 2544 989 poenitentiam.
2594 920 2701 971 aut

666 1008 748 1073 ad
779 1010 1004 1074 cellam
1032 998 1214 1071 ‘suam
1235 1005 1491 1094 jejunus
1521 1018 1889 1071 revertatur.

756 1112 1118 1178 XXXVIII.
1185 1111 1251 1176 Si
1311 1112 1548 1199 aliquid
1588 1111 2016 1177 necessarium
2073 1110 2267 1176 suerit
2319 1113 2383 1176 in
2441 1137 2658 1181 mensa
2679 1165 2696 1190 ,

667 1242 858 1284 nemo
883 1219 1140 1284 audebit
1160 1218 1368 1305 loqui,
1395 1221 1509 1285 sed
1532 1217 2036 1284 ministrantibus
2067 1218 2310 1308 signum
2333 1219 2468 1283 soni
2495 1221 2688 1287 dabit.

669 1324 934 1392 Ministri
975 1346 1123 1390 vero
1153 1324 1393 1412 absque
1424 1324 1560 1400 bis,
1592 1346 1732 1413 quae
1764 1324 1827 1389 in
1863 1345 2202 1389 commune
2229 1324 2520 1389 fratribus
2543 1348 2699 1411 pra».-

672 1443 887 1519 parata
920 1443 1098 1504 sunt,
1141 1430 1300 1495 nihil
1333 1430 1506 1495 aliud
1534 1429 1911 1504 comedant,
1934 1452 2053 1494 nec
2081 1442 2354 1495 mutatos
2376 1429 2553 1495 cibos
2581 1431 2698 1497 sibi

674 1537 948 1601 audeant
976 1557 1350 1625 praeparare.

754 1638 1067 1706 XXXIX.
1124 1640 1323 1706 Nemo
1355 1641 1500 1727 plus
1531 1640 1710 1704 alteri
1760 1639 1934 1705 dabit
1968 1661 2155 1726 quam
2205 1642 2363 1704 alter
2418 1642 2693 1728 accepit3

672 1747 843 1832 quod
891 1744 939 1809 si
983 1744 1354 1809 obtenditur
1395 1743 1765 1820 infirmitas,
1813 1745 2181 1833 praepositus
2227 1747 2456 1810 domus
2489 1759 2699 1834 perget

672 1847 750 1911 ad
787 1847 1106 1914 ministros
1144 1850 1621 1937 aegrotantium,
1656 1863 1721 1915 et
1753 1851 1831 1915 ab
1871 1851 1969 1917 his
2007 1872 2146 1937 quae
2180 1851 2522 1915 necessaria
2552 1864 2700 1915 sunt

673 1949 957 2038 accipiet.

755 2053 919 2122 XL..
951 2056 1225 2135 Quando
1265 2059 1346 2122 ad
1384 2057 1621 2125 ostium
1667 2060 2032 2129 monasterii
2074 2059 2257 2147 aliqui
2293 2058 2608 2132 venerint,
2642 2059 2692 2122 si

671 2157 884 2224 clerici
922 2158 1156 2226 suerint
1191 2173 1297 2227 aut
1330 2162 1625 2228 monachi
1645 2212 1664 2239 ,
1697 2163 1926 2251 majori
1959 2163 2203 2231 honore
2232 2163 2648 2251 suscipientur
2677 2188 2691 2223 ε

672 2261 1095 2353 lavabuntque
1126 2270 1319 2356 pedes
1349 2290 1573 2334 eorum
1600 2318 1616 2349 ,
1639 2268 1815 2357 juxta
1839 2270 2157 2357 Evangelii
2182 2280 2567 2357 praeceptum
2589 2315 2605 2337 .
2637 2280 2698 2331 et

673 2368 1050 2453 praebebunt
1080 2372 1171 2436 eis
1195 2373 1430 2450 omnia,
1462 2396 1602 2462 quae
1625 2386 1766 2463 apta
1796 2387 1944 2439 sunt
1964 2372 2103 2439 usui
2129 2373 2609 2444 monachorum.

758 2474 926 2540 XLI.
982 2476 1047 2544 Si
1080 2479 1220 2565 quis
1250 2482 1330 2546 ad
1347 2481 1579 2546 ostium
1609 2480 1970 2546 monasterii
2002 2481 2267 2554 venerit,
2304 2481 2521 2545 dicens
2545 2480 2697 2542 velle

668 2602 735 2644 sc
764 2582 977 2647 videre
1000 2584 1257 2651 fratrem
1292 2610 1475 2654 suum
1511 2588 1611 2652 vel
1641 2587 2090 2675 propinquum,
2125 2585 2360 2670 janitor
2389 2584 2699 2649 nuntiabit

672 2686 934 2764 abbati,
991 2701 1055 2754 et
1096 2692 1503 2778 permittente
1548 2715 1623 2757 eo
1668 2692 1937 2780 accipiet
1973 2692 2274 2757 comitem
2318 2691 2504 2778 cujus
2547 2689 2695 2755 fides

618 2839 621 2844 .
670 2791 933 2877 probata
981 2805 1124 2869 est3
1179 2808 1245 2866 et
1291 2796 1381 2861 sic
1431 2796 1722 2862 mittetur
1767 2798 1848 2860 ad
1901 2796 2160 2860 fratrem
2207 2796 2552 2862 videndum
2603 2796 2696 2859 vel

671 2915 1051 2981 proximum.
2359 2975 2366 2982 .

758 2999 952 3066 XLII.
1007 3001 1073 3069 Si
1118 3006 1511 3094 propinquus
1555 3005 1821 3093 alicujus
1873 3018 2165 3072 mortuus
2211 3005 2692 3092 suerinprose-

671 3107 905 3191 quendi
929 3106 1116 3174 sunus
1140 3132 1267 3174 non
1297 3111 1561 3176 habebit
1592 3111 1951 3187 licentiam,
1987 3113 2103 3178 nisi
2127 3125 2311 3201 pater
2338 3109 2698 3176 monasterii

672 3213 1061 3301 praeceperit.
2535 3233 2536 3236 ’

760 3317 986 3385 XLIII.
1040 3320 1260 3387 Nullus
1305 3323 1382 3386 de
1415 3320 1601 3385 horto
1637 3322 1816 3386 tollat
1852 3323 2058 3394 olera,
2093 3320 2211 3385 nisi
2251 3320 2330 3384 ab
2363 3320 2699 3386 hortulano

671 3424 1006 3512 acceperit.
1687 3491 1695 3498 ,

762 3526 985 3594 XLIV.
1042 3527 1240 3595 Nemo
1298 3529 1476 3595 alteri
1525 3532 1821 3617 loquatur
1875 3529 1936 3593 in
1995 3527 2266 3594 tenebris
2297 3551 2316 3599 ς
2365 3527 2578 3590 nullus
2633 3526 2702 3591 in

675 3632 924 3720 psiatho
961 3632 1098 3720 (13)
1137 3655 1285 3699 cum
1322 3636 1519 3708 altero
1564 3634 1879 3709 dormiat3
1927 3655 2188 3698 manum
2224 3630 2476 3697 alterius
2507 3651 2699 3695 nemo

675 3746 927 3801 teneat:
961 3738 1074 3801 sed
1115 3738 1245 3802 sive
1289 3740 1567 3812 steterit,
1603 3738 1731 3802 sive
1773 3735 2222 3812 ambulaverit,
2265 3737 2394 3801 sive
2429 3734 2696 3805 sederit,

670 3860 797 3902 uno
833 3841 1048 3904 cubito
1074 3841 1262 3906 distet
1293 3841 1372 3905 ab
1405 3843 1626 3906 altero.
2600 3920 2606 3926 .

752 3940 941 4010 XLV.
1003 3937 1068 4010 Si
1099 3945 1240 4032 quis
1273 3945 1483 4011 tulerit
1507 3969 1641 4010 rem
1666 3969 1794 4011 non
1824 3969 2026 4023 suam,
2063 3958 2342 4035 ponetur
2365 3969 2558 4034 super
2579 3944 2703 4009 hu-
