2982 4885
1000 517 1180 560 unm
1225 516 1305 559 nn
1356 517 1718 561 affluamus.
2256 500 2378 568 501

345 639 559 690 menta
596 628 899 694 doctrinm
926 631 1298 707 mortiferae,
1347 634 1664 697 asserebat
1713 636 1930 700 dicens
1961 640 2271 702 mundum
2305 640 2398 703 ab

347 729 598 819 Angclis
629 733 898 809 sactum,
933 748 995 800 ct
1031 738 1263 803 distare
1305 738 1575 825 Angelos
1609 762 1640 803 a
1671 738 1899 805 virtuto
1936 741 2060 815 illa,
2103 755 2169 808 et
2193 765 2390 808 mun·-

346 837 498 901 duun
513 860 649 902 esse
667 840 935 906 divisum
962 866 1075 930 per
1090 843 1376 907 ordinem
1394 843 1674 932 Angelis,
1694 856 1759 935 ct
1772 846 2075 933 cogitasse
2089 869 2196 911 eos
2212 861 2282 913 ut
2303 849 2386 914 sa-

346 942 926 1010 cercnthomincm.
956 947 1275 1014 Fecerunt
1307 949 1516 1037 itaque
1538 949 1862 1015 hominem
1898 973 1913 1014 :
1950 963 2012 1016 et
2038 974 2196 1041 opus
2225 955 2388 1043 ips<-

346 1068 515 1120 rum,
545 1046 770 1133 inquit,
806 1063 940 1115 erat
965 1051 1156 1116 homo
1186 1075 1201 1116 ε
1226 1052 1303 1118 de
1328 1053 1557 1118 virtute
1581 1054 1752 1129 enim
1774 1078 2043 1143 superna
2060 1058 2277 1124 lumen
2293 1060 2381 1125 di-

347 1161 502 1213 cunt
531 1149 722 1218 fuisse
748 1154 1099 1230 dimissum,
1132 1157 1302 1245 quod
1338 1158 1710 1223 illuminavit
1741 1163 2049 1226 mundum
2083 1161 2296 1238 istum,
2323 1175 2392 1228 (ι

348 1257 427 1320 nd
465 1261 1046 1348 concupiscentiam
1080 1267 1340 1331 adduxit
1379 1267 1687 1356 AngeloS,
1731 1270 2066 1358 statimque
2107 1272 2393 1336 ascendit

346 1358 411 1424 in
440 1364 692 1429 coelum.
733 1365 816 1429 At
846 1367 934 1431 illi
968 1370 1233 1455 cupidi
1217 1371 1410 1458 ipsius
1433 1372 1689 1437 luminis
1719 1372 1890 1448 sacti,
1918 1375 2215 1440 virtutem
2248 1376 2389 1462 ejus

347 1463 561 1530 videre
586 1469 946 1555 cupiebant.
981 1473 1119 1538 Non
1146 1478 1553 1563 praevalentes
1583 1489 1832 1553 autem,
1872 1480 2001 1544 ad
1983 1480 2252 1545 mvicem
2287 1481 2389 1544 di-

347 1583 622 1636 xerunt:
662 1601 687 1632 α
712 1574 1045 1643 Faciamus
1075 1580 1398 1647 hominem
1423 1586 1825 1650 secundum
1809 1585 2108 1674 nmginem
2131 1598 2196 1652 et
2215 1586 2397 1678 εἰωίή

349 1672 726 1742 »litudinem
753 1683 1058 1747 nostram¹
1071 1685 1402 1750 .»Etsact0
1421 1687 1711 1763 homine,
1731 1688 2386 1778 quiaimpotenserat,

350 1780 573 1844 salvari
617 1805 742 1846 non
752 1786 1004 1871 potuit.
1064 1762 1294 1855 Videns
1338 1792 1548 1879 itaque
1608 1792 1819 1859 Virtus
1859 1817 2170 1884 superna,
2219 1797 2394 1881 quod

350 1880 439 1947 int
472 1884 594 1949 hoc
635 1862 942 1963 fecerant,
986 1892 1157 1958 misit
1195 1896 1559 1973 scintillam,
1593 1919 1732 1984 qnae
1763 1899 2035 1963 ‹ot-rexit
2064 1898 2390 1964 hominem

350 1998 413 2051 et
456 1988 815 2067 suscitavit,
851 2008 917 2059 et
963 1995 1110 2062 fecit
1153 2022 1302 2064 eum
1350 2002 1579 2066 vivere.
1634 2001 1985 2068 Scintillam
2032 2004 2243 2091 itaque
2283 2027 2395 2069 vo-

349 2090 490 2158 lunt
530 2097 777 2173 salvari,
819 2100 937 2179 alia
984 2116 1196 2169 autem
1247 2105 1588 2172 virtutibus
1630 2108 1750 2172 illis
1790 2131 1928 2196 quae
1966 2106 2262 2174 ficerunt.
2295 2109 2396 2174 di-

352 2198 549 2275 mini,
608 2225 685 2268 ac
724 2203 1074 2293 derelinqui
1124 2211 1542 2298 suspicantur.
1616 2212 1939 2279 Christum
1993 2229 2204 2280 autem
2250 2238 2395 2282 um-

350 2301 662 2366 bratiliter
693 2308 1054 2397 apparuisse
1086 2312 1427 2387 affirmant,
1454 2337 1583 2380 non
1608 2338 1865 2381 carnem
1883 2317 2159 2382 hominis
2179 2340 2394 2384 veram

354 2416 419 2470 et
446 2405 719 2473 animam
756 2412 1107 2500 accepisse,
1147 2428 1332 2503 atque
1368 2439 1624 2508 omnem
1660 2420 2079 2485 oeconomiam
2113 2423 2395 2509 mysterii

356 2508 733 2577 Salvatoris
716 2527 800 2580 ita
827 2521 1194 2606 complesse.

1125 2743 1215 2791 iv.
1259 2742 1633 2792 BastmtJES.
1717 2709 1718 2712 ¹

443 2930 810 3007 Basuanes,
863 2932 971 3020 qui
1012 2946 1075 2998 et
1122 2934 1583 2999 Haeresiarches
1621 2931 1853 2998 dicitur
1885 2955 1918 2996 a
1949 2931 2203 3005 multis,
2247 2930 2392 3018 quia

356 3037 435 3101 de
457 3039 594 3124 lnge
626 3050 691 3101 ct
715 3037 1073 3126 Prophetis,
1101 3051 1165 3103 et
1182 3038 1501 3126 Apostolis
1526 3039 1941 3126 proponendo
1963 3048 2027 3101 ct
2050 3036 2393 3123 loquendo,

356 3142 681 3208 sentiendo
719 3156 931 3209 autom
963 3144 1176 3219 aliter,
1215 3144 1355 3231 jura
1397 3144 1673 3218 violabat
1703 3141 2061 3210 christianae
2093 3139 2391 3205 veritatis.

359 3243 520 3316 Cum
544 3248 894 3314 venissetin
921 3250 1290 3338 AEgyptum‚
1310 3249 1616 3320 docebat
1601 3261 1686 3314 tta
1703 3246 2050 3313 definiens.
2072 3245 2397 3308 Dcinnato

356 3364 421 3416 ot
450 3352 584 3416 solo
608 3352 740 3416 Deo
772 3365 991 3416 natum
1017 3356 1204 3422 fuisse
1225 3357 1645 3430 intellectum,
1668 3353 1745 3416 de
1766 3351 2086 3414 intellecto
2105 3346 2396 3421 verbum,

357 3458 438 3522 do
459 3457 652 3524 verbo
685 3479 937 3524 sensum
957 3506 973 3528 ,
1006 3461 1089 3522 (le
1118 3480 1303 3522 sensu
1338 3471 1551 3530 autem
1586 3459 1884 3522 virtutem
1899 3464 1963 3517 et
2000 3451 2397 3539 sapientiam,

359 3564 439 3627 de
477 3563 709 3628 virtute
738 3574 951 3625 autem
979 3571 1044 3623 et
1066 3560 1385 3648 sapientia
1411 3561 1806 3647 principatus
1830 3573 1895 3624 et
1924 3559 2305 3629 potestates.
2338 3569 2405 3622 ot

359 3665 633 3756 Angelos
658 3664 853 3729 factos
887 3663 1185 3729 diversos.
1219 3663 1343 3751 Ipsi
1366 3664 1537 3732 enim
1565 3663 1785 3748 Angcli
1819 3664 2131 3736 feceruut,
2160 3660 2399 3750 inquit,

361 3765 620 3841 coelum,
664 3779 805 3856 post
845 3768 982 3834 illos
1020 3766 1123 3832 alii
1152 3767 1376 3854 Angeli
1408 3766 1702 3832 fecerunt
1741 3768 1999 3839 coelum,
2037 3765 2121 3836 ita
2149 3787 2227 3830 ex
2271 3765 2406 3831 aliis

334 3875 465 3949 ,atii
502 3874 729 3962 prolati
770 3874 1057 3940 fecerunt
1095 3872 1353 3950 tertium
1395 3875 1653 3946 coelutm
1709 3871 1813 3959 qui
1853 3871 2206 3936 secundum
2238 3869 2405 3938 ordi·

429 4027 447 4056 ι
475 4010 602 4061 Gen.
634 4026 678 4064 ι.
705 4012 778 4060 2⁶.
