2982 4885
846 448 1034 493 mmm
1077 450 1159 493 nn
1206 448 1573 495 nunnus.
2105 436 2234 526 557
2300 462 2319 485 ι

211 567 453 655 quippe,
481 566 594 631 sed
616 586 803 630 suum
834 565 1046 653 potius
1078 586 1197 655 per
1218 564 1413 630 fidem
1471 588 1820 654 agnoscens
1842 568 2190 637 Dominum
2210 622 2230 648 ,

213 675 664 759 recordansque
701 669 1073 735 Creatorem
1122 672 1511 737 naturaliter.
1566 673 1787 760 Itaque
1827 696 1955 739 non
1995 689 2233 743 naturae

210 777 384 842 animi
418 775 749 842 infirmitas
788 774 1120 840 hominum
1145 824 1163 856 ,
1199 776 1312 842 sed
1353 799 1546 865 prava
1578 780 1870 842 voluntas
1901 790 1997 844 est
2024 782 2232 868 potius

209 883 577 955 accusanda,
615 881 868 945 dicente
889 880 1163 946 Domino
1192 904 1258 945 ει
1285 882 1363 945 Et
1387 904 1559 946 nunc
1593 883 1642 946 si
1667 883 1991 950 volueritis
2022 898 2087 951 et
2119 909 2233 952 au-

209 987 477 1053 »dieritis
498 1008 634 1061 me,
663 985 829 1050 bona
859 998 1044 1051 terrae
1077 986 1545 1052 manducabitis
1576 1010 1592 1049 ε
1630 986 1682 1051 si
1717 1000 1932 1054 autem
1962 992 2233 1059 nolueri-

204 1093 351 1167 κείς,
401 1091 887 1161 nec.audieritis
938 1114 1042 1157 me
1065 1143 1082 1167 ,
1134 1092 1381 1180 gladius
1410 1114 1524 1156 vos
1563 1094 1874 1160 comedet.
1928 1095 2019 1162 Os
2060 1097 2233 1164 enim

205 1226 229 1256 ι
244 1195 492 1262 Domini
515 1198 801 1262 locutum
830 1195 989 1262 est¹.
1016 1224 1042 1256 ι
1059 1196 1140 1261 Et
1163 1195 1285 1261 hoc
1308 1219 1325 1260 ε
1349 1222 1375 1256 α
1399 1195 1628 1262 Venite
1650 1199 1731 1263 ad
1752 1220 1858 1264 me
1877 1222 2102 1268 omnes
2123 1203 2232 1289 qui

193 1331 224 1381 x1·
242 1302 478 1368 onerati
507 1303 690 1377 estis,
725 1314 791 1368 et
821 1323 939 1388 ego
972 1324 1082 1367 vos
1112 1301 1527 1369 sublevabo².
1558 1331 1584 1363 ι

477 1526 740 1578 LXXXV.
780 1526 1095 1578 nAEnsssls
1129 1526 1223 1577 DE
1256 1524 1530 1578 SBPTBM
1562 1527 1920 1580 Plautinis,

276 1698 580 1763 numni
610 1712 708 1764 est
728 1710 795 1764 et
829 1698 1120 1776 haeresis,
1150 1722 1292 1787 quae
1319 1699 1475 1765 dicit
1498 1701 1761 1766 nomina
1788 1701 2081 1780 dierum,
2118 1702 2231 1770 So·

191 1803 292 1879 lis,
336 1803 530 1869 Lunae
553 1855 570 1881 ,
606 1805 819 1870 Martis
840 1854 860 1882 ‚
893 1806 1222 1887 Mercurii,
1247 1806 1458 1882 «lovis,
1497 1805 1759 1872 Veneris
1786 1856 1804 1883 ‚
1838 1808 2139 1886 Saturni,
2189 1835 2225 1877 ι

184 1908 315 1972 Deo
343 1908 476 1973 haec
505 1910 588 1974 ita
626 1912 829 1999 posita
867 1934 900 1974 a
933 1912 1175 1999 origine
1214 1912 1477 1987 mundi,
1527 1934 1657 1977 non
1698 1914 2033 1980 hominum
2065 1938 2226 1983 vana

183 2013 667 2100 praesumptione
696 2027 1063 2102 nuncupata
1086 2064 1105 2090 ,
1144 2037 1293 2080 cum
1328 2039 1363 2080 a
1395 2016 1604 2103 prima
1636 2017 1878 2106 origine
1913 2043 2119 2107 usque
2142 2022 2223 2087 ad

179 2116 432 2181 Graecos
468 2140 682 2202 reges,
731 2130 797 2179 et
830 2118 1132 2181 Hermem
1166 2119 1641 2185 fallacissimum
1683 2122 1862 2186 illum
1882 2172 1901 2198 ,
1944 2126 2054 2209 qui
2084 2126 2220 2192 haec

176 2219 435 2283 nomina
470 2216 841 2290 vanissima,
874 2230 940 2279 et
969 2218 1190 2280 frivola
1223 2220 1590 2283 mentiendo
1621 2243 1808 2286 ausus
1840 2237 1937 2288 est
1966 2248 2220 2290 nuncu-

174 2346 347 2411 pare,
383 2322 432 2385 si
468 2343 749 2408 quaerere
772 2321 1069 2395 voluerint,
1099 2320 1378 2384 invenies
1398 2324 1671 2386 multum
1694 2323 1947 2389 fluxisse
1980 2340 2220 2415 tompo-

173 2430 257 2494 ris
282 2479 299 2504 ,
328 2440 392 2494 et
422 2427 512 2493 sic
536 2447 844 2515 paganos,
885 2425 951 2491 id
980 2437 1106 2500 est,
1153 2425 1409 2491 Graecos
1441 2425 1578 2492 haec
1610 2427 1865 2492 nomina
1891 2430 2211 2518 posuisse:

169 2553 318 2598 cum
370 2533 559 2595 etiam
612 2532 965 2594 secundum
1022 2543 1263 2618 septem
1318 2533 1528 2596 stellas
1570 2532 1843 2598 dixerint
1883 2533 2216 2601 hominum

165 2635 642 2726 generationem
693 2634 1036 2704 consistere
1067 2684 1085 2710 ‚
1129 2649 1200 2700 ut
1239 2636 1343 2701 ille
1386 2637 1518 2725 ipse
1557 2638 1830 2704 delirans
1882 2640 2005 2706 hoc
2051 2640 2213 2707 defi-

166 2744 281 2807 nit.
326 2741 589 2806 Dierum
638 2740 808 2805 enim
855 2763 1157 2805 numerus
1201 2741 1444 2828 primus
1476 2791 1495 2816 ‚
1531 2745 1849 2807 secundus
1879 2792 1897 2817 ,
1951 2748 2203 2825 tertius,

168 2857 435 2935 quartus
453 2894 472 2920 ,
501 2846 758 2932 quintus
776 2894 795 2920 ‚
814 2858 1061 2920 sextus,
1089 2845 1428 2932 septimus,
1465 2867 1501 2908 a
1532 2845 1668 2908 Deo
1689 2857 1786 2938 est
1818 2850 2201 2935 appellatum

141 2975 307 3032 'non
341 2952 405 3016 in
435 2951 554 3016 hac
580 2951 855 3017 vanitate
879 2948 1366 3037 nuncupationis
1389 2947 1767 3036 turpissimae
1790 2950 1968 3017 initio
1996 2975 2205 3020 enun-

173 3057 402 3130 tiatus,
439 3069 546 3122 aut
577 3057 858 3125 traditus.
2041 3076 2044 3079 ’

1050 3275 1290 3328 LXXXV
1300 3276 1345 3328 1.

254 3477 382 3540 Εενι·
433 3477 687 3542 haeresis
723 3498 861 3564 quoe
903 3495 1053 3538 cum
1094 3475 1244 3562 legit
1285 3474 1345 3537 in
1380 3471 1610 3536 Genesi
1655 3473 1920 3537 verbum
1952 3473 2202 3540 dicente

147 3582 444 3649 Domino
486 3585 566 3647 de
609 3582 859 3646 Adam:
911 3608 935 3639 ι
970 3580 1136 3645 Ecce
1180 3580 1382 3644 Adam
1419 3578 1621 3640 factus
1670 3589 1762 3639 est
1811 3580 1987 3663 quasi
2036 3602 2197 3645 unus

145 3715 178 3749 ι
199 3709 285 3752 ex
300 3686 508 3759 uobis,
530 3686 733 3752 sciens
752 3682 1430 3749 bonumetmalum.Et
1447 3703 1617 3745 nunc
1636 3703 1713 3744 no
1729 3684 1981 3766 quando
1992 3696 2200 3749 exten-

143 3821 177 3856 »
199 3791 317 3858 dat
345 3813 603 3857 manum
628 3812 808 3857 suam
833 3802 899 3855 et
926 3801 1140 3877 tangat
1163 3801 1227 3855 et
1258 3797 1465 3877 gustet
1490 3787 1570 3854 de
1586 3785 1757 3873 ligno
1784 3785 1925 3852 vitae
1950 3799 2012 3852 et
2037 3788 2199 3857 vivat

226 3959 244 3986 ⁸
277 3948 393 4000 lsai.
420 3963 455 4004 ι,
482 3961 558 4013 ¹9·
583 3963 660 3998 ao.
690 3972 753 3986 —
775 3961 796 3984 ¹·
819 3944 1003 4000 matth.
1026 3960 1097 4005 xi,
1121 3943 1203 3996 aa.
