2982 4885
1016 562 1271 608 nouum
1320 561 1484 612 xux.
2126 545 2272 611 '301

242 696 357 748 »ut
388 681 622 748 mortui
660 682 964 772 sepeliant
1000 697 1289 748 mortuos
1322 681 1535 746 suos'.
1569 707 1594 740 ι
1628 706 1655 740 ι
1678 681 1845 760 Quia
1877 705 2002 748 nou
2036 686 2273 751 mortui

241 790 631 855 »laudabunt
664 801 751 864 te,
785 788 1083 864 Domine,
1127 789 1238 853 sed
1271 809 1386 852 nos
1411 785 1519 874 qui
1542 784 1806 851 vivimus
1829 785 1875 852 ².
1907 816 1934 849 ι

327 895 434 960 111.
492 885 1048 974 Quemadmodum
1088 895 1259 960 enim
1307 896 1400 959 sol
1448 904 1702 958 exortus
1748 917 1937 982 super
1989 910 2218 963 terram
2249 948 2270 977 ,

239 1011 406 1064 totus
449 1000 513 1064 in
552 1011 719 1065 terra
756 1012 883 1074 est,
933 999 1040 1065 ubi
1086 1014 1297 1066 autem
1334 1000 1415 1065 ad
1457 1020 1756 1065 occasum
1790 1002 2023 1087 vergit,
2058 1025 2276 1070 omncs

237 1100 445 1172 ra'dios
468 1129 615 1170 suos
644 1105 912 1194 colligit,
933 1109 1288 1194 procedens
1312 1105 1376 1170 in
1401 1106 1661 1169 domum
1687 1127 1899 1179 suam;
1923 1106 2010 1169 sic
2027 1127 2277 1193 quoque

240 1210 446 1276 anima
469 1261 487 1286 ,
522 1233 664 1298 quoe
699 1212 973 1299 desuper
1002 1235 1039 1276 e
1072 1211 1313 1299 Spiritu
1355 1222 1572 1274 renata
1605 1232 1734 1273 non
1766 1209 1985 1286 suerit,
2021 1224 2149 1276 tota
2183 1227 2278 1278 est

239 1315 302 1382 in
334 1327 497 1380 terra
537 1315 1029 1404 cogitationibus
1061 1327 1125 1380 et
1164 1314 1684 1381 meditationibus
1730 1316 1888 1390 suis,
1930 1341 2118 1406 super
2148 1331 2278 1383 ter—

239 1441 373 1485 ram
404 1434 657 1486 extensa
701 1444 901 1507 usque
947 1425 1025 1485 ad
1068 1421 1207 1508 ejus
1249 1421 1521 1495 limites3
1563 1419 1674 1483 ubi
1708 1433 1917 1485 autem
1947 1421 2130 1509 digna
2161 1423 2278 1488 ha-

240 1525 426 1590 betur
466 1525 787 1589 coelestem
836 1524 1137 1610 consequi
1191 1526 1460 1612 Spiritus
1505 1525 1973 1611 generationem
2005 1537 2072 1590 et
2101 1548 2280 1590 com-

238 1628 609 1694 munionem
633 1676 650 1702 ,
702 1641 965 1693 cunctas
1020 1651 1163 1692 suas
1227 1630 1640 1717 cogitationes
1701 1630 1937 1718 colligit
1970 1680 1987 1712 ‚
2046 1654 2278 1719 easque

238 1755 457 1799 secum
502 1730 777 1809 habens,
836 1732 1189 1820 ingreditur
1226 1734 1306 1797 ad
1344 1733 1689 1797 Dominum
1716 1783 1732 1808 ,
1784 1735 1849 1798 in
1883 1736 2279 1801 domicilium

236 1839 494 1904 coeleste
544 1858 674 1900 non
720 1837 1194 1911 manufactum,
1244 1859 1592 1924 omnesque
1642 1838 2052 1925 cogitationes
2095 1840 2271 1926 ejus,

235 1946 556 2017 coelestes,
603 1965 777 2029 purte
816 1954 881 2007 et
931 1954 1165 2007 sancta}
1208 1942 1517 2016 evadunt,
1563 1942 1911 2029 migrantes
1956 1944 2017 2007 in
2064 1949 2275 2009 aerem

234 2050 535 2115 divinum.
584 2048 809 2113 Anima
844 2050 1014 2113 enim
1045 2047 1306 2113 liberata
1340 2071 1376 2111 e
1417 2069 1673 2113 carcere
1707 2049 2111 2114 tenebrarum
2153 2050 2276 2114 im-

233 2155 415 2240 probi
451 2156 754 2244 principis
792 2154 1047 2239 spiritus
1079 2153 1289 2218 saecnli
1315 2203 1331 2227 ‚
1371 2155 1608 2242 reperit
1638 2155 2048 2242 cogitationes
2083 2179 2273 2243 puras

235 2271 299 2322 et
326 2260 568 2324 divinas
594 2309 610 2333 ,
640 2260 786 2344 quia
817 2258 1055 2342 placuit
1083 2259 1218 2321 Deo
1246 2258 1573 2321 hominem
1606 2269 1847 2322 naturae
1883 2260 2105 2322 divinae
2137 2284 2276 2345 par·
2319 2285 2322 2288 ’

235 2362 495 2450 ticipem
524 2362 755 2425 facere.

327 2464 432 2533 1V.
464 2464 530 2529 Si
558 2464 750 2552 igitur
763 2461 1096 2526 recesseris
1118 2485 1149 2527 a
1175 2461 1446 2535 cunctiS‚
1476 2484 1615 2547 quae
1638 2472 1784 2525 sunt
1801 2463 1866 2525 in
1880 2465 2028 2538 vita,
2053 2466 2271 2539 rebus,

238 2584 304 2637 et
335 2570 399 2634 in
431 2570 714 2635 oratione
748 2566 1267 2655 perseveraveris,
1302 2566 1512 2665 potius
1538 2565 1708 2629 hunc
1741 2565 2021 2637 laborem
2041 2569 2277 2655 quietis

237 2678 498 2765 plenum
530 2674 963 2746 arbitrabere;
1000 2683 1064 2736 et
1093 2671 1411 2736 modicam
1444 2670 1851 2735 afflictionem
1885 2674 2274 2751 etlaborem,

236 2778 468 2869 gaudio
526 2772 618 2845 et'
653 2777 1022 2842 remissione
1076 2780 1385 2864 repletum
1441 2776 1826 2841 existimabis
1877 2779 2166 2845 maxima.
2209 2779 2278 2846 Si

234 2886 473 2950 etenim
528 2897 591 2950 et
641 2906 873 2971 corpus
924 2895 989 2947 et
1027 2882 1230 2947 anima
1283 2895 1388 2946 tua
1435 2894 1965 2947 consumerentur
2016 2885 2276 2972 singulis

234 2989 409 3055 horis
431 3013 545 3078 per
573 3001 775 3055 totum
804 2988 946 3053 vitae
972 2986 1362 3052 curriculum
1386 2997 1646 3074 propter
1667 2997 1838 3052 tanta
1869 2988 2061 3062 bona,
2090 2990 2278 3077 quid-

234 3117 385 3159 nam
438 3095 561 3160 hoc
605 3092 823 3160 esset?
868 3092 925 3158 Ο
971 3091 1354 3157 ineffabilem
1410 3091 1909 3156 misericordiam
1963 3093 2117 3167 Dei.
2146 3094 2280 3180 ·qui

237 3200 429 3286 gratis
478 3222 544 3264 se
594 3200 802 3287 ipsum
854 3199 1116 3286 largitur
1168 3197 1600 3271 credentibus,
1657 3220 1725 3261 se
1786 3209 1929 3285 post
1983 3200 2282 3286 exiguum

239 3315 489 3390 tempus
514 3304 720 3368 Deum
751 3303 1150 3369 haereditario
1185 3302 1327 3388 jure
1355 3322 1782 3390 possessuros,
1826 3314 1890 3365 et
1921 3290 2125 3366 Deum
2157 3302 2278 3366 ha-

240 3407 589 3497 bitaturum
648 3410 710 3473 in
755 3431 1021 3494 corpore
1058 3409 1370 3480 hominis,
1419 3420 1482 3471 et
1530 3407 1902 3471 habiturum
1932 3406 2276 3470 Dominum

241 3513 588 3599 speciosam
622 3515 917 3585 domum,
956 3509 1303 3572 hominem.
1347 3507 1525 3573 Sicut
1555 3512 1725 3573 enim
1747 3510 1919 3573 Deus
1951 3510 2181 3573 coelum
2214 3523 2280 3575 et

243 3629 475 3680 terram
529 3617 786 3690 creavit,
851 3612 1024 3679 utin
1077 3611 1150 3673 iis
1195 3608 1440 3674 habitet
1493 3611 1835 3687 Dominus;
1886 3615 1974 3677 sic
2026 3636 2280 3699 quoque

240 3740 476 3805 corpus
519 3731 585 3781 et
617 3719 890 3799 animam
932 3713 1209 3781 hominis
1238 3713 1473 3777 creavit
1525 3712 1588 3776 in
1644 3716 2032 3779 domicilium
2049 3739 2274 3796 suum,

241 3836 314 3892 ut
356 3820 672 3888 inhabitet
698 3833 762 3885 et
790 3821 1144 3906 requiescat
1174 3818 1235 3883 in
1268 3839 1558 3905 corpore,
1595 3820 1765 3881 velut
1796 3818 1857 3881 in
1888 3819 2076 3884 domo
2101 3830 2211 3885 sila
2256 3846 2273 3887 :

128 4004 139 4011 ι
238 3928 485 3997 habens
516 3946 809 4014 sponsam
851 3923 1225 4012 speciosam,
1276 3923 1572 3992 dilectam
1604 3923 1904 3998 animam,
1954 3924 2034 3989 ad
2063 3925 2296 4014 imagi--

311 4077 325 4099 ¹
357 4065 473 4115 Luc.
503 4080 570 4123 nx,
603 4064 686 4117 60.
711 4086 769 4107 0-
798 4076 816 4101 ⁸
847 4062 1147 4123 Pstbnm,
1178 4074 1253 4126 17,
1286 4059 1358 4111 28.
