<?xml version="1.0" encoding="UTF-8"?>
<!DOCTYPE html PUBLIC "-//W3C//DTD XHTML 1.0 Transitional//EN"
    "http://www.w3.org/TR/xhtml1/DTD/xhtml1-transitional.dtd">
<html xmlns="http://www.w3.org/1999/xhtml" xml:lang="en" lang="en">
 <head>
  <title>
</title>
<meta http-equiv="Content-Type" content="text/html;charset=utf-8" />
  <meta name='ocr-system' content='tesseract 3.04.00' />
  <meta name='ocr-capabilities' content='ocr_page ocr_carea ocr_par ocr_line ocrx_word'/>
</head>
<body>
  <div class='ocr_page' id='page_1' title='image "./sanctorummacari00egypgoog_0353.png"; bbox 0 0 2982 4885; ppageno 0'>
   <div class='ocr_carea' id='block_1_1' title="bbox 883 468 2262 577">
    <p class='ocr_par' dir='ltr' id='par_1_1' title="bbox 883 468 2262 577">
     <span class='ocr_line' id='line_1_1' title="bbox 883 468 2262 577; baseline -0.004 -21"><span class='ocrx_word' id='word_1_1' title='bbox 883 506 967 557; x_wconf 74' lang='lat' dir='ltr'><strong>na</strong></span> <span class='ocrx_word' id='word_1_2' title='bbox 1012 508 1317 559; x_wconf 57' lang='lat' dir='ltr'><strong>cusi-oms</strong></span> <span class='ocrx_word' id='word_1_3' title='bbox 1369 504 1603 574; x_wconf 66' lang='lat' dir='ltr'><strong>comus,</strong></span> <span class='ocrx_word' id='word_1_4' title='bbox 2134 468 2262 577; x_wconf 77' lang='lat'><strong>317</strong></span> 
     </span>
    </p>
   </div>
   <div class='ocr_carea' id='block_1_2' title="bbox 226 626 2287 2080">
    <p class='ocr_par' dir='ltr' id='par_1_2' title="bbox 226 626 2287 2080">
     <span class='ocr_line' id='line_1_2' title="bbox 226 626 2259 718; baseline -0.004 -18"><span class='ocrx_word' id='word_1_5' title='bbox 226 631 313 700; x_wconf 82' lang='lat' dir='ltr'><strong>ita</strong></span> <span class='ocrx_word' id='word_1_6' title='bbox 352 644 427 697; x_wconf 84' lang='lat' dir='ltr'><strong>ut</strong></span> <span class='ocrx_word' id='word_1_7' title='bbox 469 630 532 696; x_wconf 92' lang='lat' dir='ltr'><strong>in</strong></span> <span class='ocrx_word' id='word_1_8' title='bbox 563 628 736 694; x_wconf 84' lang='lat' dir='ltr'><strong>nullo</strong></span> <span class='ocrx_word' id='word_1_9' title='bbox 777 648 1035 717; x_wconf 85' lang='lat' dir='ltr'><strong>prorsus</strong></span> <span class='ocrx_word' id='word_1_10' title='bbox 1076 626 1516 718; x_wconf 83' lang='lat' dir='ltr'><strong>apparentium</strong></span> <span class='ocrx_word' id='word_1_11' title='bbox 1548 644 1729 689; x_wconf 82' lang='lat' dir='ltr'><strong>mens</strong></span> <span class='ocrx_word' id='word_1_12' title='bbox 1761 637 2144 714; x_wconf 86' lang='lat' dir='ltr'><strong>occupetur;</strong></span> <span class='ocrx_word' id='word_1_13' title='bbox 2192 638 2259 692; x_wconf 87' lang='lat' dir='ltr'><strong>et</strong></span> 
     </span>
     <span class='ocr_line' id='line_1_3' title="bbox 229 732 2265 825; baseline -0.003 -21"><span class='ocrx_word' id='word_1_14' title='bbox 229 737 570 804; x_wconf 82' lang='lat' dir='ltr'><strong>obfirmare</strong></span> <span class='ocrx_word' id='word_1_15' title='bbox 610 758 859 825; x_wconf 86' lang='lat' dir='ltr'><strong>semper</strong></span> <span class='ocrx_word' id='word_1_16' title='bbox 906 758 972 800; x_wconf 90' lang='lat' dir='ltr'><strong>se</strong></span> <span class='ocrx_word' id='word_1_17' title='bbox 1014 733 1187 799; x_wconf 87' lang='lat' dir='ltr'><strong>omni</strong></span> <span class='ocrx_word' id='word_1_18' title='bbox 1229 744 1463 798; x_wconf 87' lang='lat' dir='ltr'><strong>conatu</strong></span> <span class='ocrx_word' id='word_1_19' title='bbox 1506 732 1586 796; x_wconf 83' lang='lat' dir='ltr'><strong>ad</strong></span> <span class='ocrx_word' id='word_1_20' title='bbox 1630 732 2157 818; x_wconf 81' lang='lat' dir='ltr'><strong>perseverantiam</strong></span> <span class='ocrx_word' id='word_1_21' title='bbox 2198 733 2265 797; x_wconf 91' lang='lat' dir='ltr'><strong>in</strong></span> 
     </span>
     <span class='ocr_line' id='line_1_4' title="bbox 230 834 2267 929; baseline -0.004 -20"><span class='ocrx_word' id='word_1_22' title='bbox 230 844 552 918; x_wconf 52' lang='lat' dir='ltr'><strong>otvationc;</strong></span> <span class='ocrx_word' id='word_1_23' title='bbox 604 853 668 907; x_wconf 91' lang='lat' dir='ltr'><strong>et</strong></span> <span class='ocrx_word' id='word_1_24' title='bbox 709 864 838 907; x_wconf 90' lang='lat' dir='ltr'><strong>non</strong></span> <span class='ocrx_word' id='word_1_25' title='bbox 884 842 1253 929; x_wconf 84' lang='lat' dir='ltr'><strong>desperare,</strong></span> <span class='ocrx_word' id='word_1_26' title='bbox 1299 848 1639 925; x_wconf 85' lang='lat' dir='ltr'><strong>expectans</strong></span> <span class='ocrx_word' id='word_1_27' title='bbox 1686 856 1835 899; x_wconf 90' lang='lat' dir='ltr'><strong>cum</strong></span> <span class='ocrx_word' id='word_1_28' title='bbox 1883 834 2114 900; x_wconf 87' lang='lat' dir='ltr'><strong>fiducia</strong></span> <span class='ocrx_word' id='word_1_29' title='bbox 2143 836 2267 902; x_wconf 93' lang='lat' dir='ltr'><strong>Do-</strong></span> 
     </span>
     <span class='ocr_line' id='line_1_5' title="bbox 230 942 2267 1035; baseline -0.003 -23"><span class='ocrx_word' id='word_1_30' title='bbox 230 948 385 1012; x_wconf 84' lang='lat' dir='ltr'>mini</span> <span class='ocrx_word' id='word_1_31' title='bbox 421 947 880 1035; x_wconf 77' lang='lat' dir='ltr'><strong>inspectionem</strong></span> <span class='ocrx_word' id='word_1_32' title='bbox 905 958 970 1011; x_wconf 87' lang='lat' dir='ltr'><strong>et</strong></span> <span class='ocrx_word' id='word_1_33' title='bbox 1000 944 1303 1010; x_wconf 86' lang='lat' dir='ltr'><strong>auxilium</strong></span> <span class='ocrx_word' id='word_1_34' title='bbox 1335 942 1610 1029; x_wconf 86' lang='lat' dir='ltr'><strong>ubique,</strong></span> <span class='ocrx_word' id='word_1_35' title='bbox 1646 962 1910 1034; x_wconf 85' lang='lat' dir='ltr'><strong>scopum</strong></span> <span class='ocrx_word' id='word_1_36' title='bbox 1943 963 2070 1004; x_wconf 81' lang='lat' dir='ltr'><strong>suae</strong></span> <span class='ocrx_word' id='word_1_37' title='bbox 2096 963 2267 1006; x_wconf 92' lang='lat' dir='ltr'><strong>men-</strong></span> 
     </span>
     <span class='ocr_line' id='line_1_6' title="bbox 232 1046 2272 1136; baseline -0.003 -19"><span class='ocrx_word' id='word_1_38' title='bbox 232 1053 312 1118; x_wconf 79' lang='lat' dir='ltr'><strong>tis</strong></span> <span class='ocrx_word' id='word_1_39' title='bbox 340 1052 407 1116; x_wconf 89' lang='lat' dir='ltr'><strong>in</strong></span> <span class='ocrx_word' id='word_1_40' title='bbox 452 1075 529 1116; x_wconf 87' lang='lat' dir='ltr'><strong>eo</strong></span> <span class='ocrx_word' id='word_1_41' title='bbox 560 1051 803 1116; x_wconf 82' lang='lat' dir='ltr'><strong>habens</strong></span> <span class='ocrx_word' id='word_1_42' title='bbox 846 1047 1124 1115; x_wconf 81' lang='lat' dir='ltr'><strong>defixum</strong></span> <span class='ocrx_word' id='word_1_43' title='bbox 1159 1071 1425 1136; x_wconf 88' lang='lat' dir='ltr'><strong>semper.</strong></span> <span class='ocrx_word' id='word_1_44' title='bbox 1478 1046 1722 1111; x_wconf 88' lang='lat' dir='ltr'><strong>Deinde</strong></span> <span class='ocrx_word' id='word_1_45' title='bbox 1762 1067 1990 1134; x_wconf 86' lang='lat' dir='ltr'><strong>urgere</strong></span> <span class='ocrx_word' id='word_1_46' title='bbox 2024 1068 2089 1110; x_wconf 89' lang='lat' dir='ltr'><strong>se</strong></span> <span class='ocrx_word' id='word_1_47' title='bbox 2123 1066 2272 1110; x_wconf 90' lang='lat' dir='ltr'><strong>cum</strong></span> 
     </span>
     <span class='ocr_line' id='line_1_7' title="bbox 236 1150 2271 1224; baseline -0.002 -5"><span class='ocrx_word' id='word_1_48' title='bbox 236 1168 470 1219; x_wconf 87' lang='lat' dir='ltr'><strong>conatu</strong></span> <span class='ocrx_word' id='word_1_49' title='bbox 510 1166 575 1219; x_wconf 87' lang='lat' dir='ltr'><strong>et</strong></span> <span class='ocrx_word' id='word_1_50' title='bbox 624 1155 1035 1220; x_wconf 75' lang='lat' dir='ltr'><strong>contentione</strong></span> <span class='ocrx_word' id='word_1_51' title='bbox 1075 1154 1508 1219; x_wconf 81' lang='lat' dir='ltr'><strong>indesinenter</strong></span> <span class='ocrx_word' id='word_1_52' title='bbox 1553 1153 1632 1217; x_wconf 85' lang='lat' dir='ltr'><strong>ad</strong></span> <span class='ocrx_word' id='word_1_53' title='bbox 1667 1172 1856 1215; x_wconf 91' lang='lat' dir='ltr'><strong>omne</strong></span> <span class='ocrx_word' id='word_1_54' title='bbox 1887 1150 2128 1215; x_wconf 86' lang='lat' dir='ltr'><strong>honum</strong></span> <span class='ocrx_word' id='word_1_55' title='bbox 2152 1200 2167 1224; x_wconf 87' lang='lat'><strong>,</strong></span> <span class='ocrx_word' id='word_1_56' title='bbox 2206 1161 2271 1214; x_wconf 92' lang='lat' dir='ltr'><strong>et</strong></span> 
     </span>
     <span class='ocr_line' id='line_1_8' title="bbox 236 1254 2273 1342; baseline -0.001 -19"><span class='ocrx_word' id='word_1_57' title='bbox 236 1259 304 1323; x_wconf 90' lang='lat' dir='ltr'><strong>in</strong></span> <span class='ocrx_word' id='word_1_58' title='bbox 346 1259 782 1324; x_wconf 86' lang='lat' dir='ltr'><strong>executionem</strong></span> <span class='ocrx_word' id='word_1_59' title='bbox 837 1259 1123 1324; x_wconf 91' lang='lat' dir='ltr'><strong>omnium</strong></span> <span class='ocrx_word' id='word_1_60' title='bbox 1166 1258 1284 1323; x_wconf 89' lang='lat' dir='ltr'><strong>Dei</strong></span> <span class='ocrx_word' id='word_1_61' title='bbox 1323 1258 1769 1332; x_wconf 80' lang='lat' dir='ltr'><strong>mandatorum</strong></span> <span class='ocrx_word' id='word_1_62' title='bbox 1800 1303 1819 1332; x_wconf 89' lang='lat'><strong>,</strong></span> <span class='ocrx_word' id='word_1_63' title='bbox 1870 1254 2273 1342; x_wconf 80' lang='lat' dir='ltr'><strong>quantumvis</strong></span> 
     </span>
     <span class='ocr_line' id='line_1_9' title="bbox 238 1360 2273 1451; baseline -0 -26"><span class='ocrx_word' id='word_1_64' title='bbox 238 1361 431 1426; x_wconf 83' lang='lat' dir='ltr'><strong>invito</strong></span> <span class='ocrx_word' id='word_1_65' title='bbox 478 1366 671 1427; x_wconf 83' lang='lat' dir='ltr'><strong>corde</strong></span> <span class='ocrx_word' id='word_1_66' title='bbox 714 1375 976 1451; x_wconf 89' lang='lat' dir='ltr'><strong>propter</strong></span> <span class='ocrx_word' id='word_1_67' title='bbox 1014 1364 1327 1427; x_wconf 62' lang='lat' dir='ltr'><strong>inhaerens</strong></span> <span class='ocrx_word' id='word_1_68' title='bbox 1376 1372 1714 1450; x_wconf 83' lang='lat' dir='ltr'><strong>peccatum</strong></span> <span class='ocrx_word' id='word_1_69' title='bbox 1745 1386 1764 1434; x_wconf 87' lang='lat'>;</span> <span class='ocrx_word' id='word_1_70' title='bbox 1806 1372 1960 1448; x_wconf 84' lang='lat' dir='ltr'><strong>puta</strong></span> <span class='ocrx_word' id='word_1_71' title='bbox 1993 1383 2107 1449; x_wconf 87' lang='lat' dir='ltr'><strong>per</strong></span> <span class='ocrx_word' id='word_1_72' title='bbox 2144 1360 2273 1425; x_wconf 80' lang='lat' dir='ltr'><strong>vim</strong></span> 
     </span>
     <span class='ocr_line' id='line_1_10' title="bbox 243 1465 2281 1553; baseline 0 -25"><span class='ocrx_word' id='word_1_73' title='bbox 243 1466 555 1552; x_wconf 83' lang='lat' dir='ltr'><strong>adigendo</strong></span> <span class='ocrx_word' id='word_1_74' title='bbox 585 1489 651 1529; x_wconf 85' lang='lat' dir='ltr'><strong>se</strong></span> <span class='ocrx_word' id='word_1_75' title='bbox 684 1468 892 1553; x_wconf 87' lang='lat' dir='ltr'><strong>ipsum</strong></span> <span class='ocrx_word' id='word_1_76' title='bbox 926 1469 1006 1531; x_wconf 83' lang='lat' dir='ltr'><strong>ad</strong></span> <span class='ocrx_word' id='word_1_77' title='bbox 1037 1467 1362 1531; x_wconf 89' lang='lat' dir='ltr'><strong>humiliter</strong></span> <span class='ocrx_word' id='word_1_78' title='bbox 1397 1467 1801 1530; x_wconf 87' lang='lat' dir='ltr'><strong>sentiendum</strong></span> <span class='ocrx_word' id='word_1_79' title='bbox 1833 1488 2049 1530; x_wconf 89' lang='lat' dir='ltr'><strong>coram</strong></span> <span class='ocrx_word' id='word_1_80' title='bbox 2079 1465 2281 1530; x_wconf 89' lang='lat' dir='ltr'><strong>omni-</strong></span> 
     </span>
     <span class='ocr_line' id='line_1_11' title="bbox 237 1568 2284 1660; baseline 0.001 -26"><span class='ocrx_word' id='word_1_81' title='bbox 237 1571 360 1635; x_wconf 86' lang='lat' dir='ltr'><strong>hus</strong></span> <span class='ocrx_word' id='word_1_82' title='bbox 393 1568 759 1634; x_wconf 88' lang='lat' dir='ltr'><strong>hominibus</strong></span> <span class='ocrx_word' id='word_1_83' title='bbox 779 1619 797 1644; x_wconf 89' lang='lat'><strong>,</strong></span> <span class='ocrx_word' id='word_1_84' title='bbox 832 1581 897 1635; x_wconf 82' lang='lat' dir='ltr'><strong>et</strong></span> <span class='ocrx_word' id='word_1_85' title='bbox 926 1593 994 1636; x_wconf 87' lang='lat' dir='ltr'><strong>se</strong></span> <span class='ocrx_word' id='word_1_86' title='bbox 1025 1570 1230 1659; x_wconf 86' lang='lat' dir='ltr'><strong>ipsum</strong></span> <span class='ocrx_word' id='word_1_87' title='bbox 1268 1571 1514 1637; x_wconf 88' lang='lat' dir='ltr'><strong>cunctis</strong></span> <span class='ocrx_word' id='word_1_88' title='bbox 1546 1571 1860 1637; x_wconf 83' lang='lat' dir='ltr'><strong>minorem</strong></span> <span class='ocrx_word' id='word_1_89' title='bbox 1895 1584 1959 1638; x_wconf 85' lang='lat' dir='ltr'><strong>et</strong></span> <span class='ocrx_word' id='word_1_90' title='bbox 2000 1570 2284 1660; x_wconf 88' lang='lat' dir='ltr'><strong>pejorem</strong></span> 
     </span>
     <span class='ocr_line' id='line_1_12' title="bbox 241 1673 2287 1762; baseline 0.002 -23"><span class='ocrx_word' id='word_1_91' title='bbox 241 1673 754 1751; x_wconf 84' lang='lat' dir='ltr'><strong>existimandum,</strong></span> <span class='ocrx_word' id='word_1_92' title='bbox 791 1682 916 1740; x_wconf 82' lang='lat' dir='ltr'><strong>non</strong></span> <span class='ocrx_word' id='word_1_93' title='bbox 949 1679 1291 1762; x_wconf 80' lang='lat' dir='ltr'><strong>quaerendo</strong></span> <span class='ocrx_word' id='word_1_94' title='bbox 1325 1677 1671 1753; x_wconf 89' lang='lat' dir='ltr'><strong>honorem,</strong></span> <span class='ocrx_word' id='word_1_95' title='bbox 1699 1691 1808 1743; x_wconf 87' lang='lat' dir='ltr'><strong>aut</strong></span> <span class='ocrx_word' id='word_1_96' title='bbox 1838 1678 2095 1743; x_wconf 85' lang='lat' dir='ltr'><strong>laudem</strong></span> <span class='ocrx_word' id='word_1_97' title='bbox 2117 1727 2137 1751; x_wconf 89' lang='lat'><strong>,</strong></span> <span class='ocrx_word' id='word_1_98' title='bbox 2176 1690 2287 1743; x_wconf 85' lang='lat' dir='ltr'><strong>aut</strong></span> 
     </span>
     <span class='ocr_line' id='line_1_13' title="bbox 244 1778 2280 1871; baseline 0.002 -28"><span class='ocrx_word' id='word_1_99' title='bbox 244 1780 508 1869; x_wconf 80' lang='lat' dir='ltr'><strong>gloriam</strong></span> <span class='ocrx_word' id='word_1_100' title='bbox 550 1780 628 1845; x_wconf 82' lang='lat' dir='ltr'><strong>ab</strong></span> <span class='ocrx_word' id='word_1_101' title='bbox 668 1782 839 1856; x_wconf 83' lang='lat' dir='ltr'><strong>ullo,</strong></span> <span class='ocrx_word' id='word_1_102' title='bbox 886 1779 1050 1846; x_wconf 79' lang='lat' dir='ltr'><strong>sicut</strong></span> <span class='ocrx_word' id='word_1_103' title='bbox 1096 1778 1161 1846; x_wconf 89' lang='lat' dir='ltr'><strong>in</strong></span> <span class='ocrx_word' id='word_1_104' title='bbox 1212 1781 1551 1870; x_wconf 81' lang='lat' dir='ltr'><strong>Evangelio</strong></span> <span class='ocrx_word' id='word_1_105' title='bbox 1579 1782 1893 1871; x_wconf 80' lang='lat' dir='ltr'><strong>scriptum</strong></span> <span class='ocrx_word' id='word_1_106' title='bbox 1929 1780 2059 1847; x_wconf 86' lang='lat' dir='ltr'><strong>est¹</strong></span> <span class='ocrx_word' id='word_1_107' title='bbox 2088 1832 2107 1857; x_wconf 91' lang='lat'><strong>,</strong></span> <span class='ocrx_word' id='word_1_108' title='bbox 2166 1784 2280 1848; x_wconf 84' lang='lat' dir='ltr'><strong>sed</strong></span> 
     </span>
     <span class='ocr_line' id='line_1_14' title="bbox 246 1885 2284 1976; baseline 0.001 -26"><span class='ocrx_word' id='word_1_109' title='bbox 246 1887 451 1951; x_wconf 90' lang='lat' dir='ltr'><strong>solum</strong></span> <span class='ocrx_word' id='word_1_110' title='bbox 487 1885 832 1951; x_wconf 91' lang='lat' dir='ltr'><strong>Dominum</strong></span> <span class='ocrx_word' id='word_1_111' title='bbox 883 1909 1014 1975; x_wconf 85' lang='lat' dir='ltr'><strong>prae</strong></span> <span class='ocrx_word' id='word_1_112' title='bbox 1075 1885 1276 1951; x_wconf 86' lang='lat' dir='ltr'><strong>oculis</strong></span> <span class='ocrx_word' id='word_1_113' title='bbox 1319 1887 1617 1954; x_wconf 83' lang='lat' dir='ltr'><strong>habendo</strong></span> <span class='ocrx_word' id='word_1_114' title='bbox 1666 1910 1917 1976; x_wconf 86' lang='lat' dir='ltr'><strong>semper</strong></span> <span class='ocrx_word' id='word_1_115' title='bbox 1962 1886 2284 1975; x_wconf 84' lang='lat' dir='ltr'><strong>ipsiusque</strong></span> 
     </span>
     <span class='ocr_line' id='line_1_15' title="bbox 246 1991 2285 2080; baseline 0 -24"><span class='ocrx_word' id='word_1_116' title='bbox 246 1993 576 2068; x_wconf 82' lang='lat' dir='ltr'><strong>mandata,</strong></span> <span class='ocrx_word' id='word_1_117' title='bbox 610 1992 794 2080; x_wconf 88' lang='lat' dir='ltr'><strong>eique</strong></span> <span class='ocrx_word' id='word_1_118' title='bbox 825 1992 940 2056; x_wconf 89' lang='lat' dir='ltr'><strong>soli</strong></span> <span class='ocrx_word' id='word_1_119' title='bbox 966 1991 1284 2057; x_wconf 86' lang='lat' dir='ltr'><strong>studendo</strong></span> <span class='ocrx_word' id='word_1_120' title='bbox 1316 1993 1694 2080; x_wconf 71' lang='lat' dir='ltr'><strong>placere.&#39;1n</strong></span> <span class='ocrx_word' id='word_1_121' title='bbox 1727 1993 2285 2078; x_wconf 84' lang='lat' dir='ltr'><strong>mansuetudinem</strong></span> 
     </span>
    </p>
   </div>
   <div class='ocr_carea' id='block_1_3' title="bbox 250 2096 2291 2384">
    <p class='ocr_par' dir='ltr' id='par_1_3' title="bbox 250 2096 2291 2384">
     <span class='ocr_line' id='line_1_16' title="bbox 250 2096 2290 2185; baseline -0 -24"><span class='ocrx_word' id='word_1_122' title='bbox 250 2119 498 2184; x_wconf 87' lang='lat' dir='ltr'><strong>quoque</strong></span> <span class='ocrx_word' id='word_1_123' title='bbox 530 2120 597 2162; x_wconf 88' lang='lat' dir='ltr'><strong>se</strong></span> <span class='ocrx_word' id='word_1_124' title='bbox 620 2121 734 2185; x_wconf 91' lang='lat' dir='ltr'><strong>per</strong></span> <span class='ocrx_word' id='word_1_125' title='bbox 761 2098 889 2161; x_wconf 81' lang='lat' dir='ltr'><strong>vim</strong></span> <span class='ocrx_word' id='word_1_126' title='bbox 921 2096 1218 2172; x_wconf 82' lang='lat' dir='ltr'><strong>inclinet,</strong></span> <span class='ocrx_word' id='word_1_127' title='bbox 1253 2100 1608 2161; x_wconf 84' lang='lat' dir='ltr'><strong>reluctante</strong></span> <span class='ocrx_word' id='word_1_128' title='bbox 1642 2097 1831 2162; x_wconf 83' lang='lat' dir='ltr'><strong>etiam</strong></span> <span class='ocrx_word' id='word_1_129' title='bbox 1867 2097 2095 2172; x_wconf 84' lang='lat' dir='ltr'><strong>corde,</strong></span> <span class='ocrx_word' id='word_1_130' title='bbox 2124 2096 2290 2161; x_wconf 84' lang='lat' dir='ltr'><strong>sicut</strong></span> 
     </span>
     <span class='ocr_line' id='line_1_17' title="bbox 254 2198 2288 2284; baseline -0.001 -20"><span class='ocrx_word' id='word_1_131' title='bbox 254 2200 339 2264; x_wconf 85' lang='lat' dir='ltr'><strong>ait</strong></span> <span class='ocrx_word' id='word_1_132' title='bbox 371 2199 680 2263; x_wconf 84' lang='lat' dir='ltr'><strong>Dominus</strong></span> <span class='ocrx_word' id='word_1_133' title='bbox 709 2222 724 2261; x_wconf 74' lang='grc' dir='ltr'><strong>ε</strong></span> <span class='ocrx_word' id='word_1_134' title='bbox 776 2225 801 2257; x_wconf 77' lang='grc' dir='ltr'><strong>α</strong></span> <span class='ocrx_word' id='word_1_135' title='bbox 824 2200 1062 2262; x_wconf 87' lang='lat' dir='ltr'><strong>Discite</strong></span> <span class='ocrx_word' id='word_1_136' title='bbox 1092 2221 1127 2261; x_wconf 82' lang='lat' dir='ltr'><strong>a</strong></span> <span class='ocrx_word' id='word_1_137' title='bbox 1154 2220 1295 2271; x_wconf 91' lang='lat' dir='ltr'><strong>me,</strong></span> <span class='ocrx_word' id='word_1_138' title='bbox 1348 2201 1495 2284; x_wconf 87' lang='lat' dir='ltr'><strong>quia</strong></span> <span class='ocrx_word' id='word_1_139' title='bbox 1527 2199 1696 2262; x_wconf 90' lang='lat' dir='ltr'><strong>mitis</strong></span> <span class='ocrx_word' id='word_1_140' title='bbox 1729 2222 1872 2263; x_wconf 90' lang='lat' dir='ltr'><strong>sum</strong></span> <span class='ocrx_word' id='word_1_141' title='bbox 1920 2211 1985 2262; x_wconf 86' lang='lat' dir='ltr'><strong>et</strong></span> <span class='ocrx_word' id='word_1_142' title='bbox 2028 2198 2288 2262; x_wconf 82' lang='lat' dir='ltr'><strong>humilis</strong></span> 
     </span>
     <span class='ocr_line' id='line_1_18' title="bbox 256 2299 2291 2384; baseline 0 -22"><span class='ocrx_word' id='word_1_143' title='bbox 256 2330 281 2362; x_wconf 71' lang='lat' dir='ltr'>n</span> <span class='ocrx_word' id='word_1_144' title='bbox 301 2303 527 2372; x_wconf 87' lang='lat' dir='ltr'><strong>cordo,</strong></span> <span class='ocrx_word' id='word_1_145' title='bbox 559 2311 624 2364; x_wconf 85' lang='lat' dir='ltr'><strong>et</strong></span> <span class='ocrx_word' id='word_1_146' title='bbox 659 2299 990 2363; x_wconf 84' lang='lat' dir='ltr'><strong>invenietis</strong></span> <span class='ocrx_word' id='word_1_147' title='bbox 1020 2299 1307 2384; x_wconf 87' lang='lat' dir='ltr'><strong>requiem</strong></span> <span class='ocrx_word' id='word_1_148' title='bbox 1338 2300 1670 2362; x_wconf 82' lang='lat' dir='ltr'><strong>animabus</strong></span> <span class='ocrx_word' id='word_1_149' title='bbox 1704 2299 1988 2364; x_wconf 85' lang='lat' dir='ltr'><strong>vestris².</strong></span> <span class='ocrx_word' id='word_1_150' title='bbox 2030 2328 2056 2360; x_wconf 66' lang='lat' dir='ltr'>n</span> <span class='ocrx_word' id='word_1_151' title='bbox 2098 2300 2291 2363; x_wconf 85' lang='lat' dir='ltr'><strong>Simi-</strong></span> 
     </span>
    </p>
   </div>
   <div class='ocr_carea' id='block_1_4' title="bbox 228 2401 2310 3431">
    <p class='ocr_par' dir='ltr' id='par_1_4' title="bbox 228 2401 2310 3431">
     <span class='ocr_line' id='line_1_19' title="bbox 257 2401 2291 2490; baseline -0.001 -20"><span class='ocrx_word' id='word_1_152' title='bbox 257 2405 401 2471; x_wconf 85' lang='lat' dir='ltr'><strong>liter</strong></span> <span class='ocrx_word' id='word_1_153' title='bbox 415 2425 549 2468; x_wconf 90' lang='lat' dir='ltr'><strong>esse</strong></span> <span class='ocrx_word' id='word_1_154' title='bbox 562 2402 1065 2477; x_wconf 85' lang='lat' dir='ltr'><strong>misericordem,</strong></span> <span class='ocrx_word' id='word_1_155' title='bbox 1088 2401 1462 2489; x_wconf 83' lang='lat' dir='ltr'><strong>benignum,</strong></span> <span class='ocrx_word' id='word_1_156' title='bbox 1485 2403 2002 2490; x_wconf 86' lang='lat' dir='ltr'><strong>compatientem,</strong></span> <span class='ocrx_word' id='word_1_157' title='bbox 2021 2404 2291 2482; x_wconf 87' lang='lat' dir='ltr'><strong>bonum,</strong></span> 
     </span>
     <span class='ocr_line' id='line_1_20' title="bbox 259 2505 2293 2595; baseline 0.001 -23"><span class='ocrx_word' id='word_1_158' title='bbox 259 2519 567 2595; x_wconf 88' lang='lat' dir='ltr'><strong>quantum</strong></span> <span class='ocrx_word' id='word_1_159' title='bbox 597 2518 839 2595; x_wconf 85' lang='lat' dir='ltr'><strong>potest,</strong></span> <span class='ocrx_word' id='word_1_160' title='bbox 866 2529 932 2571; x_wconf 86' lang='lat' dir='ltr'><strong>se</strong></span> <span class='ocrx_word' id='word_1_161' title='bbox 953 2506 1014 2571; x_wconf 79' lang='lat' dir='ltr'><strong>vi</strong></span> <span class='ocrx_word' id='word_1_162' title='bbox 1047 2505 1448 2581; x_wconf 78' lang='lat' dir='ltr'><strong>assuefaciat,</strong></span> <span class='ocrx_word' id='word_1_163' title='bbox 1476 2506 1656 2592; x_wconf 85' lang='lat' dir='ltr'><strong>juxta</strong></span> <span class='ocrx_word' id='word_1_164' title='bbox 1688 2505 1753 2570; x_wconf 88' lang='lat' dir='ltr'><strong>id</strong></span> <span class='ocrx_word' id='word_1_165' title='bbox 1776 2507 1951 2594; x_wconf 84' lang='lat' dir='ltr'><strong>quod</strong></span> <span class='ocrx_word' id='word_1_166' title='bbox 1984 2506 2136 2573; x_wconf 87' lang='lat' dir='ltr'><strong>dicit</strong></span> <span class='ocrx_word' id='word_1_167' title='bbox 2170 2508 2293 2575; x_wconf 91' lang='lat' dir='ltr'><strong>Do-</strong></span> 
     </span>
     <span class='ocr_line' id='line_1_21' title="bbox 260 2610 2292 2698; baseline 0.001 -22"><span class='ocrx_word' id='word_1_168' title='bbox 260 2613 521 2697; x_wconf 79' lang='lat' dir='ltr'><strong>minus:</strong></span> <span class='ocrx_word' id='word_1_169' title='bbox 567 2638 592 2670; x_wconf 72' lang='lat' dir='ltr'><strong>e</strong></span> <span class='ocrx_word' id='word_1_170' title='bbox 628 2611 844 2676; x_wconf 86' lang='lat' dir='ltr'><strong>Estote</strong></span> <span class='ocrx_word' id='word_1_171' title='bbox 893 2611 1047 2675; x_wconf 85' lang='lat' dir='ltr'><strong>boni</strong></span> <span class='ocrx_word' id='word_1_172' title='bbox 1091 2623 1156 2676; x_wconf 87' lang='lat' dir='ltr'><strong>et</strong></span> <span class='ocrx_word' id='word_1_173' title='bbox 1207 2610 1505 2698; x_wconf 86' lang='lat' dir='ltr'><strong>benigni,</strong></span> <span class='ocrx_word' id='word_1_174' title='bbox 1561 2611 1727 2676; x_wconf 85' lang='lat' dir='ltr'><strong>sicut</strong></span> <span class='ocrx_word' id='word_1_175' title='bbox 1778 2612 1963 2677; x_wconf 85' lang='lat' dir='ltr'><strong>Pater</strong></span> <span class='ocrx_word' id='word_1_176' title='bbox 2021 2614 2292 2679; x_wconf 87' lang='lat' dir='ltr'><strong>coelestis</strong></span> 
     </span>
     <span class='ocr_line' id='line_1_22' title="bbox 263 2702 2293 2803; baseline 0.004 -26"><span class='ocrx_word' id='word_1_177' title='bbox 263 2744 288 2777; x_wconf 66' lang='lat'><em>2</em></span> <span class='ocrx_word' id='word_1_178' title='bbox 310 2715 665 2780; x_wconf 89' lang='lat' dir='ltr'><strong>misericors</strong></span> <span class='ocrx_word' id='word_1_179' title='bbox 698 2713 849 2780; x_wconf 77' lang='lat' dir='ltr'><strong>est⁸.</strong></span> <span class='ocrx_word' id='word_1_180' title='bbox 885 2743 910 2776; x_wconf 68' lang='lat'><em>2</em></span> <span class='ocrx_word' id='word_1_181' title='bbox 957 2715 1039 2781; x_wconf 88' lang='lat' dir='ltr'><strong>Et</strong></span> <span class='ocrx_word' id='word_1_182' title='bbox 1066 2737 1283 2780; x_wconf 87' lang='lat' dir='ltr'><strong>rursus</strong></span> <span class='ocrx_word' id='word_1_183' title='bbox 1311 2737 1326 2779; x_wconf 71' lang='lat' dir='ltr'>z</span> <span class='ocrx_word' id='word_1_184' title='bbox 1371 2702 1485 2780; x_wconf 82' lang='lat' dir='ltr'><strong>«Si</strong></span> <span class='ocrx_word' id='word_1_185' title='bbox 1523 2714 1776 2803; x_wconf 83' lang='lat' dir='ltr'><strong>diligitis</strong></span> <span class='ocrx_word' id='word_1_186' title='bbox 1805 2738 1908 2781; x_wconf 92' lang='lat' dir='ltr'><strong>me</strong></span> <span class='ocrx_word' id='word_1_187' title='bbox 1938 2765 1961 2791; x_wconf 86' lang='lat'><strong>,</strong></span> <span class='ocrx_word' id='word_1_188' title='bbox 1995 2721 2293 2785; x_wconf 86' lang='lat' dir='ltr'><strong>mandata</strong></span> 
     </span>
     <span class='ocr_line' id='line_1_23' title="bbox 266 2816 2304 2897; baseline 0.002 -14"><span class='ocrx_word' id='word_1_189' title='bbox 266 2843 450 2885; x_wconf 74' lang='lat' dir='ltr'><strong>»mea</strong></span> <span class='ocrx_word' id='word_1_190' title='bbox 484 2818 781 2885; x_wconf 80' lang='lat' dir='ltr'><strong>servate⁴.</strong></span> <span class='ocrx_word' id='word_1_191' title='bbox 815 2848 841 2881; x_wconf 74' lang='grc' dir='ltr'><strong><em>ι</em></strong></span> <span class='ocrx_word' id='word_1_192' title='bbox 880 2816 967 2885; x_wconf 72' lang='lat' dir='ltr'><strong>Et·</strong></span> <span class='ocrx_word' id='word_1_193' title='bbox 991 2819 1221 2885; x_wconf 91' lang='lat' dir='ltr'><strong>iterum</strong></span> <span class='ocrx_word' id='word_1_194' title='bbox 1259 2840 1277 2886; x_wconf 71' lang='grc' dir='ltr'><em>ε</em></span> <span class='ocrx_word' id='word_1_195' title='bbox 1328 2818 1523 2887; x_wconf 81' lang='lat' dir='ltr'><strong>«Vim</strong></span> <span class='ocrx_word' id='word_1_196' title='bbox 1559 2819 1734 2886; x_wconf 82' lang='lat' dir='ltr'><strong>vobis</strong></span> <span class='ocrx_word' id='word_1_197' title='bbox 1766 2820 1989 2897; x_wconf 81' lang='lat' dir='ltr'><strong>facite,</strong></span> <span class='ocrx_word' id='word_1_198' title='bbox 2039 2822 2304 2888; x_wconf 77' lang='lat' dir='ltr'><strong>violenti</strong></span> 
     </span>
     <span class='ocr_line' id='line_1_24' title="bbox 228 2918 2304 3015; baseline 0.003 -27"><span class='ocrx_word' id='word_1_199' title='bbox 228 2928 233 2935; x_wconf 82' lang='grc'><strong><em>’</em></strong></span> <span class='ocrx_word' id='word_1_200' title='bbox 265 2927 475 2992; x_wconf 81' lang='lat' dir='ltr'><strong>»enim</strong></span> <span class='ocrx_word' id='word_1_201' title='bbox 519 2925 775 3014; x_wconf 82' lang='lat' dir='ltr'><strong>rapiunt</strong></span> <span class='ocrx_word' id='word_1_202' title='bbox 805 2918 1073 3015; x_wconf 78' lang='lat' dir='ltr'><strong>regnum</strong></span> <span class='ocrx_word' id='word_1_203' title='bbox 1114 2927 1420 2993; x_wconf 84' lang='lat' dir='ltr'><strong>coelorum</strong></span> <span class='ocrx_word' id='word_1_204' title='bbox 1451 2925 1500 2990; x_wconf 81' lang='lat'><strong>⁶.</strong></span> <span class='ocrx_word' id='word_1_205' title='bbox 1540 2953 1566 2986; x_wconf 74' lang='grc' dir='ltr'><strong><em>ι</em></strong></span> <span class='ocrx_word' id='word_1_206' title='bbox 1606 2925 1687 2989; x_wconf 86' lang='lat' dir='ltr'><strong>Et</strong></span> <span class='ocrx_word' id='word_1_207' title='bbox 1718 2926 1876 2991; x_wconf 86' lang='lat' dir='ltr'><strong>illud</strong></span> <span class='ocrx_word' id='word_1_208' title='bbox 1909 2949 1925 2989; x_wconf 92' lang='lat'><strong>:</strong></span> <span class='ocrx_word' id='word_1_209' title='bbox 1970 2952 1996 2986; x_wconf 72' lang='grc' dir='ltr'>ι</span> <span class='ocrx_word' id='word_1_210' title='bbox 2029 2926 2304 2994; x_wconf 87' lang='lat' dir='ltr'><strong>Conten-</strong></span> 
     </span>
     <span class='ocr_line' id='line_1_25' title="bbox 268 3028 2302 3120; baseline 0.002 -26"><span class='ocrx_word' id='word_1_211' title='bbox 268 3031 437 3095; x_wconf 78' lang='lat' dir='ltr'><strong>»dite</strong></span> <span class='ocrx_word' id='word_1_212' title='bbox 482 3030 717 3095; x_wconf 87' lang='lat' dir='ltr'><strong>intrare</strong></span> <span class='ocrx_word' id='word_1_213' title='bbox 768 3054 883 3120; x_wconf 88' lang='lat' dir='ltr'><strong>per</strong></span> <span class='ocrx_word' id='word_1_214' title='bbox 936 3044 1267 3120; x_wconf 79' lang='lat' dir='ltr'><strong>angustam</strong></span> <span class='ocrx_word' id='word_1_215' title='bbox 1317 3042 1570 3120; x_wconf 86' lang='lat' dir='ltr'><strong>portam</strong></span> <span class='ocrx_word' id='word_1_216' title='bbox 1607 3028 1654 3096; x_wconf 81' lang='lat'><strong>⁸.</strong></span> <span class='ocrx_word' id='word_1_217' title='bbox 1694 3058 1720 3091; x_wconf 74' lang='grc' dir='ltr'><strong><em>ι</em></strong></span> <span class='ocrx_word' id='word_1_218' title='bbox 1774 3031 2044 3120; x_wconf 88' lang='lat' dir='ltr'><strong>Semper</strong></span> <span class='ocrx_word' id='word_1_219' title='bbox 2090 3047 2302 3100; x_wconf 90' lang='lat' dir='ltr'><strong>autem</strong></span> 
     </span>
     <span class='ocr_line' id='line_1_26' title="bbox 264 3132 2305 3214; baseline 0 -11"><span class='ocrx_word' id='word_1_220' title='bbox 264 3136 519 3203; x_wconf 89' lang='lat' dir='ltr'><strong>Domini</strong></span> <span class='ocrx_word' id='word_1_221' title='bbox 542 3136 994 3213; x_wconf 87' lang='lat' dir='ltr'><strong>humilitatem,</strong></span> <span class='ocrx_word' id='word_1_222' title='bbox 1020 3138 1331 3203; x_wconf 89' lang='lat' dir='ltr'><strong>rationem</strong></span> <span class='ocrx_word' id='word_1_223' title='bbox 1363 3137 1639 3214; x_wconf 81' lang='lat' dir='ltr'><strong>vivendi,</strong></span> <span class='ocrx_word' id='word_1_224' title='bbox 1668 3151 1732 3205; x_wconf 91' lang='lat' dir='ltr'><strong>et</strong></span> <span class='ocrx_word' id='word_1_225' title='bbox 1758 3132 2305 3204; x_wconf 87' lang='lat' dir='ltr'><strong>conversationem</strong></span> 
     </span>
     <span class='ocr_line' id='line_1_27' title="bbox 268 3240 2306 3332; baseline 0.002 -28"><span class='ocrx_word' id='word_1_226' title='bbox 268 3240 500 3305; x_wconf 84' lang='lat' dir='ltr'><strong>habeat</strong></span> <span class='ocrx_word' id='word_1_227' title='bbox 544 3263 673 3329; x_wconf 82' lang='lat' dir='ltr'><strong>prae</strong></span> <span class='ocrx_word' id='word_1_228' title='bbox 717 3241 954 3316; x_wconf 82' lang='lat' dir='ltr'><strong>oculis,</strong></span> <span class='ocrx_word' id='word_1_229' title='bbox 998 3242 1094 3307; x_wconf 90' lang='lat' dir='ltr'><strong>uti</strong></span> <span class='ocrx_word' id='word_1_230' title='bbox 1130 3244 1456 3332; x_wconf 84' lang='lat' dir='ltr'><strong>exemplar</strong></span> <span class='ocrx_word' id='word_1_231' title='bbox 1496 3243 1561 3307; x_wconf 87' lang='lat' dir='ltr'><strong>in</strong></span> <span class='ocrx_word' id='word_1_232' title='bbox 1601 3244 1909 3309; x_wconf 88' lang='lat' dir='ltr'><strong>memoria</strong></span> <span class='ocrx_word' id='word_1_233' title='bbox 1949 3243 2124 3305; x_wconf 91' lang='lat' dir='ltr'><strong>omni</strong></span> <span class='ocrx_word' id='word_1_234' title='bbox 2169 3243 2306 3308; x_wconf 87' lang='lat' dir='ltr'><strong>sine</strong></span> 
     </span>
     <span class='ocr_line' id='line_1_28' title="bbox 272 3344 2310 3431; baseline 0.001 -23"><span class='ocrx_word' id='word_1_235' title='bbox 272 3344 604 3409; x_wconf 85' lang='lat' dir='ltr'><strong>oblivione.</strong></span> <span class='ocrx_word' id='word_1_236' title='bbox 642 3344 1001 3410; x_wconf 81' lang='lat' dir='ltr'><strong>Contendat</strong></span> <span class='ocrx_word' id='word_1_237' title='bbox 1022 3346 1215 3410; x_wconf 85' lang='lat' dir='ltr'><strong>etiam</strong></span> <span class='ocrx_word' id='word_1_238' title='bbox 1244 3359 1555 3431; x_wconf 84' lang='lat' dir='ltr'><strong>quantum</strong></span> <span class='ocrx_word' id='word_1_239' title='bbox 1579 3344 1775 3412; x_wconf 82' lang='lat' dir='ltr'><strong>habet</strong></span> <span class='ocrx_word' id='word_1_240' title='bbox 1800 3345 2031 3413; x_wconf 83' lang='lat' dir='ltr'><strong>virium</strong></span> <span class='ocrx_word' id='word_1_241' title='bbox 2057 3344 2122 3409; x_wconf 86' lang='lat' dir='ltr'><strong>in</strong></span> <span class='ocrx_word' id='word_1_242' title='bbox 2155 3346 2310 3411; x_wconf 85' lang='lat' dir='ltr'><strong>assi-</strong></span> 
     </span>
    </p>
   </div>
   <div class='ocr_carea' id='block_1_5' title="bbox 275 3450 2311 3637">
    <p class='ocr_par' dir='ltr' id='par_1_5' title="bbox 275 3450 2311 3637">
     <span class='ocr_line' id='line_1_29' title="bbox 277 3450 2311 3534; baseline 0.001 -20"><span class='ocrx_word' id='word_1_243' title='bbox 277 3452 399 3514; x_wconf 79' lang='lat' dir='ltr'><strong>due</strong></span> <span class='ocrx_word' id='word_1_244' title='bbox 418 3452 686 3523; x_wconf 85' lang='lat' dir='ltr'><strong>orando,</strong></span> <span class='ocrx_word' id='word_1_245' title='bbox 719 3470 1032 3534; x_wconf 81' lang='lat' dir='ltr'><strong>nusquam</strong></span> <span class='ocrx_word' id='word_1_246' title='bbox 1056 3470 1188 3511; x_wconf 88' lang='lat' dir='ltr'><strong>non</strong></span> <span class='ocrx_word' id='word_1_247' title='bbox 1211 3461 1434 3533; x_wconf 88' lang='lat' dir='ltr'><strong>petens</strong></span> <span class='ocrx_word' id='word_1_248' title='bbox 1456 3462 1524 3512; x_wconf 85' lang='lat' dir='ltr'><strong>et</strong></span> <span class='ocrx_word' id='word_1_249' title='bbox 1552 3452 1841 3527; x_wconf 86' lang='lat' dir='ltr'><strong>credens,</strong></span> <span class='ocrx_word' id='word_1_250' title='bbox 1868 3462 1940 3515; x_wconf 91' lang='lat' dir='ltr'><strong>ut</strong></span> <span class='ocrx_word' id='word_1_251' title='bbox 1960 3450 2170 3516; x_wconf 84' lang='lat' dir='ltr'><strong>veniat</strong></span> <span class='ocrx_word' id='word_1_252' title='bbox 2189 3451 2311 3516; x_wconf 92' lang='lat' dir='ltr'><strong>Do-</strong></span> 
     </span>
     <span class='ocr_line' id='line_1_30' title="bbox 275 3548 2310 3637; baseline 0.001 -22"><span class='ocrx_word' id='word_1_253' title='bbox 275 3551 487 3615; x_wconf 89' lang='lat' dir='ltr'><strong>minus</strong></span> <span class='ocrx_word' id='word_1_254' title='bbox 524 3563 589 3616; x_wconf 84' lang='lat' dir='ltr'><strong>·et</strong></span> <span class='ocrx_word' id='word_1_255' title='bbox 629 3552 945 3617; x_wconf 82' lang='lat' dir='ltr'><strong>inhabitet</strong></span> <span class='ocrx_word' id='word_1_256' title='bbox 986 3551 1051 3614; x_wconf 91' lang='lat' dir='ltr'><strong>in</strong></span> <span class='ocrx_word' id='word_1_257' title='bbox 1101 3549 1238 3637; x_wconf 84' lang='lat' dir='ltr'><strong>ipso</strong></span> <span class='ocrx_word' id='word_1_258' title='bbox 1267 3595 1285 3623; x_wconf 87' lang='lat'><strong>,</strong></span> <span class='ocrx_word' id='word_1_259' title='bbox 1342 3548 1734 3637; x_wconf 81' lang='lat' dir='ltr'><strong>instruatque</strong></span> <span class='ocrx_word' id='word_1_260' title='bbox 1792 3576 1864 3618; x_wconf 88' lang='lat' dir='ltr'><strong>ac</strong></span> <span class='ocrx_word' id='word_1_261' title='bbox 1914 3553 2310 3633; x_wconf 79' lang='lat' dir='ltr'><strong>corrohoret,</strong></span> 
     </span>
    </p>
   </div>
   <div class='ocr_carea' id='block_1_6' title="bbox 277 3653 2313 3857">
    <p class='ocr_par' dir='ltr' id='par_1_6' title="bbox 277 3653 2313 3857">
     <span class='ocr_line' id='line_1_31' title="bbox 277 3653 2312 3742; baseline 0.002 -23"><span class='ocrx_word' id='word_1_262' title='bbox 277 3654 488 3741; x_wconf 86' lang='lat' dir='ltr'><strong>ipsum</strong></span> <span class='ocrx_word' id='word_1_263' title='bbox 519 3653 582 3716; x_wconf 89' lang='lat' dir='ltr'><strong>in</strong></span> <span class='ocrx_word' id='word_1_264' title='bbox 610 3655 856 3718; x_wconf 83' lang='lat' dir='ltr'><strong>cunctis</strong></span> <span class='ocrx_word' id='word_1_265' title='bbox 879 3655 1016 3740; x_wconf 86' lang='lat' dir='ltr'><strong>ojus</strong></span> <span class='ocrx_word' id='word_1_266' title='bbox 1040 3653 1391 3728; x_wconf 81' lang='lat' dir='ltr'><strong>mandatis;</strong></span> <span class='ocrx_word' id='word_1_267' title='bbox 1427 3664 1491 3719; x_wconf 85' lang='lat' dir='ltr'><strong>et</strong></span> <span class='ocrx_word' id='word_1_268' title='bbox 1515 3663 1587 3719; x_wconf 85' lang='lat' dir='ltr'><strong>ut</strong></span> <span class='ocrx_word' id='word_1_269' title='bbox 1617 3653 1755 3742; x_wconf 87' lang='lat' dir='ltr'><strong>ejus</strong></span> <span class='ocrx_word' id='word_1_270' title='bbox 1789 3656 1992 3720; x_wconf 83' lang='lat' dir='ltr'><strong>anima</strong></span> <span class='ocrx_word' id='word_1_271' title='bbox 2018 3657 2097 3723; x_wconf 89' lang='lat' dir='ltr'><strong>sit</strong></span> <span class='ocrx_word' id='word_1_272' title='bbox 2126 3658 2312 3725; x_wconf 89' lang='lat' dir='ltr'><strong>habi-</strong></span> 
     </span>
     <span class='ocr_line' id='line_1_32' title="bbox 281 3755 2313 3857; baseline 0.004 -33"><span class='ocrx_word' id='word_1_273' title='bbox 281 3759 566 3824; x_wconf 87' lang='lat' dir='ltr'><strong>taculum</strong></span> <span class='ocrx_word' id='word_1_274' title='bbox 581 3755 733 3823; x_wconf 83' lang='lat' dir='ltr'><strong>Jesu</strong></span> <span class='ocrx_word' id='word_1_275' title='bbox 762 3757 981 3823; x_wconf 84' lang='lat' dir='ltr'><strong>Chisti.</strong></span> <span class='ocrx_word' id='word_1_276' title='bbox 1022 3757 1101 3825; x_wconf 86' lang='lat' dir='ltr'><strong>Et</strong></span> <span class='ocrx_word' id='word_1_277' title='bbox 1134 3758 1225 3825; x_wconf 83' lang='lat' dir='ltr'><strong>sic</strong></span> <span class='ocrx_word' id='word_1_278' title='bbox 1254 3780 1393 3849; x_wconf 83' lang='lat' dir='ltr'><strong>quae</strong></span> <span class='ocrx_word' id='word_1_279' title='bbox 1421 3781 1594 3857; x_wconf 82' lang='lat' dir='ltr'><strong>nunc</strong></span> <span class='ocrx_word' id='word_1_280' title='bbox 1623 3781 1739 3850; x_wconf 86' lang='lat' dir='ltr'><strong>per</strong></span> <span class='ocrx_word' id='word_1_281' title='bbox 1768 3760 1897 3831; x_wconf 78' lang='lat' dir='ltr'><strong>vim</strong></span> <span class='ocrx_word' id='word_1_282' title='bbox 1918 3774 1983 3831; x_wconf 88' lang='lat' dir='ltr'><strong>et</strong></span> <span class='ocrx_word' id='word_1_283' title='bbox 2006 3766 2198 3833; x_wconf 86' lang='lat' dir='ltr'><strong>corde</strong></span> <span class='ocrx_word' id='word_1_284' title='bbox 2221 3766 2313 3833; x_wconf 87' lang='lat' dir='ltr'><strong>in-</strong></span> 
     </span>
    </p>
   </div>
   <div class='ocr_carea' id='block_1_7' title="bbox 282 3906 2314 4064">
    <p class='ocr_par' dir='ltr' id='par_1_7' title="bbox 282 3906 2314 4064">
     <span class='ocr_line' id='line_1_33' title="bbox 352 3906 2314 3997; baseline 0.011 -41"><span class='ocrx_word' id='word_1_285' title='bbox 352 3921 366 3945; x_wconf 85' lang='lat'>·</span> <span class='ocrx_word' id='word_1_286' title='bbox 406 3906 551 3960; x_wconf 79' lang='lat' dir='ltr'><strong>Joan.</strong></span> <span class='ocrx_word' id='word_1_287' title='bbox 576 3924 624 3965; x_wconf 81' lang='lat' dir='ltr'><strong>v,</strong></span> <span class='ocrx_word' id='word_1_288' title='bbox 645 3907 725 3970; x_wconf 66' lang='grc'><strong>44.</strong></span> <span class='ocrx_word' id='word_1_289' title='bbox 756 3935 820 3948; x_wconf 91' lang='grc'>-</span> <span class='ocrx_word' id='word_1_290' title='bbox 845 3923 864 3949; x_wconf 80' lang='grc'><em>·</em></span> <span class='ocrx_word' id='word_1_291' title='bbox 892 3909 1073 3963; x_wconf 70' lang='lat' dir='ltr'><strong>unuh.</strong></span> <span class='ocrx_word' id='word_1_292' title='bbox 1098 3925 1153 3962; x_wconf 76' lang='lat' dir='ltr'><strong>xx</strong></span> <span class='ocrx_word' id='word_1_293' title='bbox 1175 3943 1192 3972; x_wconf 85' lang='lat'>‚</span> <span class='ocrx_word' id='word_1_294' title='bbox 1220 3927 1299 3978; x_wconf 78' lang='lat'><strong>²9·</strong></span> <span class='ocrx_word' id='word_1_295' title='bbox 1322 3939 1387 3958; x_wconf 89' lang='lat'>-</span> <span class='ocrx_word' id='word_1_296' title='bbox 1408 3916 1432 3955; x_wconf 77' lang='lat'>⁸</span> <span class='ocrx_word' id='word_1_297' title='bbox 1454 3915 1577 3974; x_wconf 78' lang='lat' dir='ltr'><strong>Luc.</strong></span> <span class='ocrx_word' id='word_1_298' title='bbox 1597 3930 1671 3984; x_wconf 69' lang='lat' dir='ltr'><strong>vl,</strong></span> <span class='ocrx_word' id='word_1_299' title='bbox 1695 3915 1781 3977; x_wconf 77' lang='lat'><strong>36.</strong></span> <span class='ocrx_word' id='word_1_300' title='bbox 1803 3941 1867 3961; x_wconf 89' lang='lat'><strong>·-</strong></span> <span class='ocrx_word' id='word_1_301' title='bbox 1893 3919 1920 3993; x_wconf 57' lang='grc' dir='ltr'>ξ</span> <span class='ocrx_word' id='word_1_302' title='bbox 1942 3917 2088 3997; x_wconf 69' lang='lat' dir='ltr'><strong>ann.</strong></span> <span class='ocrx_word' id='word_1_303' title='bbox 2110 3935 2213 3985; x_wconf 75' lang='lat' dir='ltr'><strong>nv,</strong></span> <span class='ocrx_word' id='word_1_304' title='bbox 2233 3921 2314 3978; x_wconf 72' lang='lat'><strong>25·</strong></span> 
     </span>
     <span class='ocr_line' id='line_1_34' title="bbox 282 3987 2021 4064; baseline 0.009 -23"><span class='ocrx_word' id='word_1_305' title='bbox 282 4016 348 4064; x_wconf 69' lang='lat'><strong>?-</strong></span> <span class='ocrx_word' id='word_1_306' title='bbox 375 3992 396 4029; x_wconf 64' lang='grc'><strong>’</strong></span> <span class='ocrx_word' id='word_1_307' title='bbox 422 3990 607 4046; x_wconf 67' lang='lat' dir='ltr'><strong>unuh.</strong></span> <span class='ocrx_word' id='word_1_308' title='bbox 628 4004 700 4056; x_wconf 77' lang='grc' dir='ltr'><strong>ιι,</strong></span> <span class='ocrx_word' id='word_1_309' title='bbox 733 4005 806 4043; x_wconf 66' lang='grc' dir='ltr'><strong>ιι.</strong></span> <span class='ocrx_word' id='word_1_310' title='bbox 825 4017 889 4033; x_wconf 93' lang='lat'>-</span> <span class='ocrx_word' id='word_1_311' title='bbox 914 3992 939 4033; x_wconf 75' lang='grc' dir='ltr'><strong>θ</strong></span> <span class='ocrx_word' id='word_1_312' title='bbox 960 3992 1081 4049; x_wconf 71' lang='lat' dir='ltr'><strong>Luc.</strong></span> <span class='ocrx_word' id='word_1_313' title='bbox 1107 4008 1221 4056; x_wconf 79' lang='lat' dir='ltr'><strong>xm,</strong></span> <span class='ocrx_word' id='word_1_314' title='bbox 1246 3992 1328 4055; x_wconf 67' lang='lat'><strong>³⁴·</strong></span> <span class='ocrx_word' id='word_1_315' title='bbox 1853 3988 1862 3993; x_wconf 45' lang='lat'><strong>⁴</strong></span> <span class='ocrx_word' id='word_1_316' title='bbox 2011 3987 2021 3999; x_wconf 69' lang='grc'><strong><em>’</em></strong></span> 
     </span>
    </p>
   </div>
  </div>
 </body>
</html>
