2982 4885
581 477 715 543 διὰ
1348 491 1851 537 insoni-noxus.

581 610 825 702 prolabi
855 635 870 676 ε
901 609 1277 674 antecedere
1303 608 1366 673 in
1393 608 1577 673 nobis
1602 607 1843 673 bonum
1875 606 2275 694 propositum
2309 632 2637 692 amorem,

585 716 813 791 fidem,
869 713 1328 809 precationem,
1383 726 1688 803 tanquam
1736 712 1901 777 bona
1947 712 2297 790 naturalia,
2346 715 2429 781 ob
2493 740 2640 806 quae

590 823 764 889 Deus
796 820 980 887 nobis
1016 843 1193 885 suam
1223 819 1486 909 gratiam
1511 818 1813 906 largiatur
1831 843 1850 893 ς
1876 816 1996 882 nisi
2026 820 2208 884 locus
2236 841 2433 887 manu
2458 825 2635 913 pela-

591 930 773 1019 giana
806 930 884 993 sit
909 940 1271 997 temeratus.
1308 926 1550 991 Forsan
1580 937 1794 990 autem
1824 923 2115 1012 intelligit
2148 927 2391 993 anteire
2421 929 2527 995 illa
2561 931 2628 996 in

586 1034 769 1099 nobis
811 1034 981 1099 vitali
1014 1046 1077 1098 ct
1113 1032 1385 1099 naturali
1424 1031 1704 1119 potentia
1750 1028 1933 1094 liberi
1966 1030 2217 1097 arbitrii
2244 1033 2491 1112 elicita;
2517 1039 2630 1102 sed

596 1153 810 1205 tamen
830 1160 906 1205 ex
929 1137 1184 1226 speciali
1201 1136 1649 1226 gratiaeauxilio
1673 1134 1755 1199 ob
1783 1156 1922 1220 quoe
1941 1134 2061 1199 ritc
2088 1136 2391 1225 disposita
2424 1141 2627 1205 anima

595 1257 809 1311 nostra
856 1252 1156 1330 sequatur
1178 1240 1414 1308 fortius
1445 1254 1513 1307 et
1553 1240 1921 1330 prae'senti'us
1960 1239 2267 1307 auxilium
2310 1244 2620 1319 divinum3

595 1350 699 1416 cui
736 1345 1111 1437 expositioni
1151 1345 1313 1413 favet
1344 1359 1586 1420 textus,
1613 1358 1686 1410 ut
1718 1356 1955 1411 attente
1992 1345 2228 1433 legenti
2263 1348 2484 1413 clarius
2508 1369 2623 1436 pa-

590 1455 769 1524 tebit.

1150 1682 1515 1729 annornm
1568 1659 1662 1747 (5)
1712 1682 1854 1749 pag.
1918 1683 2066 1726 212.

681 1865 814 1934 Etsi
847 1888 976 1937 non
1006 1887 1230 1931 omues
1266 1862 1597 1951 Prophetae
1631 1875 1865 1926 cuncta
1911 1860 2145 1927 Christi
2178 1863 2471 1950 mysteria
2509 1882 2624 1929 uo-

593 1973 828 2045 veriut,
864 1983 928 2033 at
961 1980 1229 2033 monem
1250 1978 1311 2031 et
1338 1988 1601 2031 crucem
1633 1965 1868 2031 Christi
1887 2014 1906 2041 ,
1939 1966 2354 2055 baptismum,
2378 1966 2621 2032 Eucha-

593 2074 782 2142 ristiae
812 2083 1307 2144 sacramentnm,
1337 2068 1914 2136 sanctificationem
1945 2070 2294 2144 hominum,
2316 2082 2439 2136 etc.
2477 2092 2612 2136 cer-

594 2196 732 2246 tum
753 2189 851 2243 est
869 2176 1010 2241 illos
1021 2174 1400 2264 Prophetas,
1419 2173 1530 2261 qui
1557 2175 1683 2239 suis
1708 2175 2020 2241 vaticiniis
2045 2176 2161 2240 ista
2182 2174 2621 2263 praedixerant,

598 2305 869 2376 quorum
890 2282 1160 2371 plurima
1187 2280 1249 2345 iu
1276 2279 1621 2368 scripturis
1643 2292 1882 2357 extant,
1910 2279 2122 2345 omnia
2149 2280 2252 2345 illa
2273 2300 2629 2369 praecogno-

599 2392 790 2468 visse,
826 2386 1110 2477 quamvis
1129 2407 1255 2453 non
1285 2385 1508 2451 eadem
1526 2385 1852 2455 luciditate
1867 2386 2360 2453 circumstantiae
2378 2386 2626 2476 singulae

598 2496 678 2562 ab
694 2496 787 2561 eis
802 2492 1038 2560 fuerint
1053 2475 1374 2580 expositae,
1393 2512 1517 2577 qua
1540 2491 1858 2579 Apostolis
1880 2503 1945 2556 et
1968 2491 2266 2558 Ecclesiae
2284 2492 2623 2558 christiana
2702 2547 2707 2552 .

601 2599 990 2667 Ductoribus
1028 2607 1241 2684 postea
1276 2595 1706 2661 innotuerunt.

1163 2725 1531 2848 rumorum
1584 2779 1678 2870 (6)
1730 2805 1870 2870 pag.
1931 2781 2076 2845 213.

691 2966 1174 3054 Spiritualitcr,
1210 2966 1274 3030 id
1296 2978 1414 3039 est,
1451 2987 1583 3030 non
1614 2965 1842 3031 visibili
1875 2965 2068 3031 modo
2086 2978 2240 3033 eteo
2270 2988 2393 3055 quo
2416 2957 2616 3029 editur

597 3073 714 3143 alia
742 3092 925 3148 caro,
965 3071 1074 3136 sed
1097 3069 1399 3158 spirituali
1431 3084 1498 3142 et
1523 3067 1853 3149 invisibili,
1886 3071 2037 3138 licet
2077 3075 2243 3139 reali.

1031 3349 1038 3354 .
1156 3294 1521 3340 annornm
1576 3272 1860 3376 (7)pag.
1920 3277 2072 3353 246.

679 3472 922 3566 Auctor
969 3472 1032 3538 in
1074 3471 1190 3535 hac
1228 3469 1496 3536 Humilia
1539 3485 1606 3537 et
1650 3457 1784 3538 aliis
1830 3461 1987 3541 locis
2036 3474 2286 3540 videtur
2329 3471 2622 3536 inducere

592 3559 912 3667 apathiam¹
940 3575 1140 3650 illam,
1175 3577 1428 3661 quando
1460 3576 1666 3642 anima
1702 3578 1760 3643 vi
1798 3579 2013 3667 gratiae
2044 3577 2161 3646 Dei
2191 3578 2272 3644 ad
2303 3575 2444 3643 eam
2479 3594 2625 3663 per-

589 3682 762 3750 venit
802 3679 1401 3782 impassibilitatem,
1445 3694 1516 3747 ut
1553 3684 1730 3749 nullo
1764 3705 2045 3778 unquam
2094 3684 2405 3751 afficiatur
2441 3700 2625 3746 seusu
2679 3696 2693 3706 ·

586 3784 858 3863 fomitis,
891 3809 1000 3851 seu
1021 3784 1313 3875 passione
1337 3786 1545 3876 aliqua
1574 3783 1886 3878 appetitus
1910 3838 1927 3864 ,
1956 3789 2224 3879 quasiin
2256 3789 2388 3878 ipsa
2419 3787 2629 3852 nullus

588 3912 870 3984 unquam
901 3904 1167 3980 exurgat
1204 3905 1446 3966 motus,
1486 3879 1698 3959 nullus
1729 3894 2067 3962 conflictus
2105 3895 2314 3962 carnis
2347 3906 2411 3958 et
2442 3890 2630 3980 spiri·

586 4006 727 4072 tus,
768 4015 1029 4086 prorsus
1061 3995 1266 4084 sopito
1292 3997 1389 4066 vel
1412 3998 1694 4065 extincto
1724 4001 1973 4090 pcccati
2005 3999 2263 4070 fomite:
2284 3998 2495 4078 Quc‘m
2522 4017 2632 4061 er·

541 4575 726 4768 &12‘
