2982 4885
835 523 915 566 nn
964 518 1311 565 rutenus
1360 521 1442 564 ετ
1491 518 1927 564 ωεοιιετιοη.
2279 504 2410 589 357

347 638 522 703 -nino
537 606 665 703 notu
691 658 931 725 paucoe,
960 658 1097 723 quae
1114 633 1281 700 felici
1313 635 1584 721 trajectu
1609 649 1863 725 portum
1895 651 2132 706 tenent.
2157 639 2415 730 Propte-

374 766 480 807 rea
510 741 636 808 fide
674 741 856 808 nobis
886 740 1196 831 imprimis
1225 762 1411 828 opus»,
1451 740 1878 829 patientiaque
1925 757 1988 810 et
2020 747 2409 822 attentione,

243 900 266 917 .
373 868 677 935 generoso
705 868 959 934 quoque
982 845 1046 910 in
1071 844 1525 910 certaminibus
1543 845 1752 910 animo
1768 870 1787 919 ς
1817 869 1889 911 ac
1918 862 2223 935 praeterea
2246 851 2412 917 same

376 975 447 1017 ac
472 952 572 1018 siti
605 952 926 1028 bonitatis,
944 952 1131 1017 simul
1159 974 1307 1016 cum
1325 953 1526 1017 multa
1549 950 1882 1041 prudentia
1907 965 1974 1018 et
1995 953 2407 1031 discretione3

372 1058 528 1146 quin
550 1071 614 1123 et
635 1057 978 1124 acrimonia
1000 1071 1066 1123 et
1086 1057 1479 1146 impudentia
1505 1056 1569 1121 in
1602 1060 1898 1145 petendo.
1926 1057 2085 1124 Nam
2127 1061 2414 1149 plerique

375 1163 737 1238 hominum,
773 1174 845 1228 ut
888 1163 1205 1239 duximus,
1248 1163 1384 1228 sine
1430 1162 1650 1227 labore
1691 1183 1765 1226 ac
1827 1162 2059 1229 sudore
2109 1164 2414 1251 consequi

363 1289 656 1356 regnum
697 1269 1005 1332 coelorum
1040 1270 1260 1335 volunt
1285 1317 1303 1345 ,
1333 1280 1400 1332 et
1436 1279 1688 1344 sanctos
1718 1267 1975 1353 quidem
2005 1269 2172 1334 viros
2201 1268 2416 1334 felices

363 1373 751 1461 -praedicant,
778 1373 1211 1461 honoremque
1243 1375 1525 1462 ipsorum
1560 1395 1632 1437 ac
1665 1372 2041 1440 charismata
2078 1374 2418 1465 concupis·

365 1489 582 1548 ,cunt;‚
614 1476 864 1562 parium
913 1499 1064 1543 vero
1114 1500 1263 1542 cum
1309 1478 1458 1567 ipsis
1490 1478 2002 1554 tribulationum,
2028 1480 2321 1544 laborum
2351 1490 2420 1543 et

379 1578 745 1665 passionum
784 1593 1110 1646 consortes
1144 1581 1284 1647 fieri
1327 1594 1624 1648 renuunt.
1674 1581 1801 1648 Sed
1845 1582 2015 1650 istud
2056 1604 2310 1655 omnes,
2355 1594 2422 1647 et

382 1682 773 1758 meretrices,
800 1696 863 1749 et
885 1686 1206 1773 publicani
1254 1687 1540 1776 cupiunt.
1582 1688 1774 1775 Atqui
1798 1699 2058 1777 propter
2080 1687 2203 1752 hoc
2219 1697 2421 1752 tenta-

383 1787 586 1852 tiones
616 1789 950 1876 propositae
972 1804 1120 1856 suut
1152 1804 1216 1855 et
1243 1792 1648 1880 probationes
1662 1818 1682 1867 ς
1710 1806 1781 1857 ut
1803 1815 1919 1881 per
1942 1815 2047 1859 eas
2080 1803 2407 1881 appareat,

377 1892 642 1980 quinam
683 1916 831 1960 vere
871 1918 1058 1960 suum
1096 1898 1378 1984 ipsorum
1407 1897 1754 1964 Dominum
1786 1899 2051 1986 diligant
2074 1946 2093 1973 ,
2141 1909 2207 1962 et
2247 1907 2317 1961 ut
2351 1895 2418 1960 hi

377 2000 545 2087 juste
577 2014 1045 2088 consequantur
1074 2006 1329 2069 coeleste
1362 2026 1649 2093 regnum.

360 2180 368 2190 ,
471 2103 768 2183 XXVIII.
824 2106 1324 2184 Afflictionibus,
1375 2109 1795 2196 passionibus,
1836 2107 2140 2197 patientia
2188 2120 2255 2172 et
2293 2104 2422 2171 fide

387 2210 791 2274 absconditas
813 2234 950 2275 esse
976 2213 1428 2298 promissiones
1458 2226 1634 2299 puta,
1669 2213 1998 2303 ipsamque
2030 2210 2320 2297 gloriam,
2349 2231 2424 2275 ac

386 2313 705 2375 bonerum
738 2314 1092 2377 coelestium
1113 2314 1505 2378 fruitionem.
1537 2314 2071 2399 Quandoquidem
2098 2323 2162 2376 et
2184 2311 2428 2399 jactum

391 2413 455 2478 in
484 2424 720 2478 terram
751 2414 1052 2481 frumenti
1079 2438 1375 2503 granum,
1409 2428 1476 2481 et
1507 2415 1762 2480 insitum
1793 2412 2043 2479 arboris
2070 2416 2425 2493 surculum,
2456 2453 2487 2486 ι.

393 2540 653 2584 neccsse
699 2532 791 2584 est
848 2533 1251 2608 putrescere,
1290 2532 1354 2585 et
1391 2520 1810 2608 ignominiose
1840 2518 2208 2607 procidet-03
2244 2518 2428 2590 etsie

394 2622 657 2687 demum
696 2625 1115 2714 multiplicem
1166 2625 1546 2691 ornatissimi
1594 2624 1688 2689 sni
1741 2623 2094 2689 indumenti
2147 2623 2430 2688 fructum

393 2726 697 2815 recipere.
735 2729 863 2820 Nisi
896 2730 1065 2795 enim
1101 2753 1215 2819 per
1260 2730 1429 2796 illam
1474 2728 1911 2817 putredinem,
1946 2747 2060 2816 per
2093 2728 2227 2792 illas
2257 2729 2432 2793 velut

397 2829 777 2919 ignominias
809 2834 1193 2912 transierint,
1229 2858 1555 2923 nunquam
1584 2857 1732 2900 eum
1767 2834 2073 2927 ,ultimum
2104 2826 2429 2909 decorem,

404 2960 727 3027 nunquam
776 2942 1125 3031 speciosam
1174 2943 1347 3009 illam
1400 2963 1698 3030 pompam
1758 2940 1878 3005 sibi
1928 2940 2427 3026 circumdarent,

402 3064 522 3128 qna
557 3066 624 3110 se
654 3058 990 3113 ostentant.
1032 3046 1103 3112 In
1133 3047 1256 3113 hac
1289 3045 1546 3134 quidem
1593 3045 1902 3112 sententia
1924 3044 2264 3136 Apostolus
2288 3058 2384 3111 est
2410 3069 2429 3109 ε

420 3176 443 3205 c
473 3150 592 3215 Per
622 3154 852 3218 multas
896 3152 1067 3218 enim
1090 3202 1109 3227 ,
1160 3153 1397 3243 inquit.
1434 3150 1873 3217 tribulationes
1901 3160 2153 3239 oportet
2191 3172 2306 3214 nos
2346 3149 2437 3213 in-

405 3271 616 3326 »trare
641 3259 705 3326 in
736 3282 1001 3350 regnum
1024 3257 1200 3358 Dei¹5
1224 3287 1249 3320 ι
1278 3259 1357 3325 Et
1378 3257 1689 3325 Dominus
1712 3281 1728 3323 ε
1751 3285 1776 3317 a
1806 3258 1878 3322 In
1903 3253 2203 3344 patientia
2227 3264 2431 3318 vestra

355 3367 364 3376 ’
405 3391 429 3423 n
449 3366 848 3452 possidebitis
869 3366 1110 3430 animas
1135 3363 1426 3430 vestras².
1452 3392 1477 3425 »
1517 3363 1623 3442 Et,
1646 3389 1673 3422 ι
1697 3363 1772 3426 In
1802 3359 2042 3424 mundo
2073 3355 2433 3421 tribulatio-

365 3499 368 3500 ⁷
405 3496 430 3529 ι
451 3492 596 3535 nem
629 3468 1009 3534 habebitis².
1038 3494 1063 3527 ι

490 3573 737 3642 XXIX.
779 3573 1035 3652 Quanta
1070 3566 1498 3652 unnsquisque
1530 3581 1809 3632 vestrum
1836 3563 1962 3632 fide
1996 3561 2444 3650 diligentiaque

411 3681 638 3766 dignus
669 3680 860 3743 suerit
898 3673 1155 3741 habitus
1180 3669 1378 3737 sancti
1420 3668 1556 3735 lieri
1590 3669 1859 3759 Spiritus
1889 3666 2229 3758 particeps,
2264 3678 2438 3735 tanta

413 3786 532 3876 ipsi
587 3808 881 3852 mensura
927 3777 1514 3874 gloriaefcontinget
1566 3776 1630 3845 in
1672 3774 1776 3848 illa
1818 3771 2295 3840 resurrectionis
2340 3773 2443 3848 die

359 3897 362 3902 '
416 3916 653 3984 corpus
684 3888 822 3979 ejus
860 3884 1172 3982 coronari.
1206 3885 1395 3967 Quod
1433 3882 1606 3950 enim
1644 3903 1819 3947 nunc
1849 3878 2098 3970 collegit
2120 3877 2184 3947 in
2208 3876 2442 3961 anima.

474 4042 487 4069 ⁸
521 4033 631 4085 Act.
656 4046 763 4094 xw,
790 4046 874 4083 at.
891 4053 955 4071 -
973 4042 996 4070 ⁸
1019 4027 1142 4084 Luc.
1165 4040 1271 4086 xxi.
1298 4039 1379 4095 ¹9·
1402 4050 1466 4064 —
1490 4025 1516 4065 ³
1538 4022 1682 4075 Joan.
1703 4035 1803 4081 xvi,
1822 4003 1923 4077 ³³(
