2982 4885
1129 479 1388 536 nomm
1432 479 1534 536 xv.
2219 485 2345 566 ¹⁶9

296 608 477 697 quod
504 608 671 673 clam
708 626 824 694 per
854 603 1222 671 interiorem
1253 606 1580 674 bominem
1611 606 1960 696 peragitur,
2000 621 2065 676 et
2105 610 2167 676 in
2201 635 2343 700 pro-

299 712 453 801 priis
501 711 785 786 vasibus,
841 710 963 776 hoc
1006 722 1141 787 est,
1196 711 1423 800 spiritu
1466 712 1769 802 proprio,
1822 714 2030 779 anima
2066 713 2336 782 Domino

294 818 633 886 ministret.
665 815 925 903 Absque
953 837 1105 882 vero
1146 815 1260 882 Dei
1293 816 1578 894 vasibus,
1616 817 1742 883 hoc
1769 829 1898 894 ost,
1941 819 2178 908 absque
2209 846 2344 911 gra·

299 923 426 998 tia,
474 921 863 1010 impossibile
899 933 997 987 est
1027 923 1390 1010 quempiam
1424 922 1561 987 Deo
1595 922 1879 1000 servire,
1921 923 2045 994 hoc
2081 937 2175 992 est
2204 929 2342 1015 pla-

301 1050 441 1094 cere
474 1029 539 1093 in
568 1049 972 1115 quacumque
1002 1027 1121 1091 Dei
1155 1030 1498 1094 voluntate.

382 1132 486 1198 Vl.
538 1133 622 1197 At
648 1132 754 1196 ubi
776 1132 1097 1219 acceperit
1120 1133 1410 1219 gratiam.
1441 1145 1577 1197 tum
1605 1155 1851 1199 summa
1872 1136 2213 1222 prudentia
2242 1148 2339 1202 at-

300 1258 422 1323 que
438 1235 676 1323 judicio
695 1259 856 1326 opus
869 1248 987 1311 est,
1017 1257 1158 1322 quae
1181 1237 1374 1302 etiam
1400 1238 1532 1324 ipsa
1550 1237 1847 1301 concedit
1861 1238 2032 1303 Deus
2060 1242 2284 1306 animae
2304 1264 2338 1306 a

300 1365 366 1406 se
398 1344 777 1429 postulanti,
821 1355 894 1408 ut
929 1343 1293 1430 gravissima
1325 1342 1385 1409 ei
1430 1341 1627 1430 possit
1657 1341 1958 1408 exhibere
1992 1347 2246 1411 servitia
2275 1345 2341 1412 in

298 1445 571 1531 Spiritu,
606 1469 799 1532 quem
833 1445 1065 1532 accipit
1077 1470 1097 1518 ς
1137 1458 1202 1509 et
1235 1447 1301 1509 in
1329 1448 1509 1510 nullo
1541 1445 1833 1510 vincatur
1865 1468 1898 1510 a
1929 1445 2202 1523 malitia,
2242 1462 2342 1514 at-

297 1570 422 1635 que
444 1549 698 1614 fallatur
726 1570 844 1635 per
867 1548 1312 1635 ignorantiam,
1339 1548 1770 1614 temeritatem
1801 1570 1877 1614 ac
1896 1548 2341 1639 negligentiam

295 1676 551 1736 aversa,
612 1666 972 1744 preterque
1014 1654 1321 1718 decorum
1370 1651 1707 1719 dominicae
1750 1656 2095 1722 voluntatis
2126 1657 2335 1724 omnia

293 1780 598 1848 peragens
636 1780 654 1823 ε
696 1757 847 1846 quia
892 1756 1313 1845 supplicium,
1369 1778 1580 1832 mors,
1627 1768 1692 1822 et
1722 1759 1932 1825 luctus
1968 1759 2338 1847 hujusmodi
2429 1753 2434 1760 ’

296 1864 568 1931 animam
598 1850 834 1929 manet.
881 1862 1076 1942 Quod
1111 1860 1304 1928 etiam
1336 1860 1517 1928 divus
1548 1862 1891 1951 Apostolus
1924 1864 2082 1931 dixit
2113 1890 2129 1930 ε
2181 1893 2208 1927 α
2239 1866 2334 1933 Ne

292 1968 499 2035 »forte
530 1990 679 2034 oum
714 1968 850 2034 aliis
885 1966 1360 2062 praedicaverim
1381 2017 1398 2043 ,
1438 1966 1574 2056 ipse
1604 1969 1916 2058 reprobus
1952 1966 2252 2037 efficiat-¹.
2291 1999 2319 2034 ι

293 2071 478 2139 Vides
506 2094 656 2139 eum
684 2073 800 2139 Dei
823 2072 1162 2161 Apostolus
1185 2085 1351 2138 osset
1371 2124 1390 2149 ,
1427 2095 1554 2160 quo
1590 2072 1780 2139 suerit
1811 2074 2085 2165 timore?
2120 2074 2331 2142 Obse-

289 2199 539 2244 cremus
574 2179 766 2266 igitur
793 2177 1177 2253 Dominum,
1213 2189 1286 2242 ut
1306 2177 1634 2243 servitium
1667 2178 1939 2266 Spiritus
1970 2182 2328 2249 secundum

287 2285 684 2350 voluntatem
705 2282 845 2364 ejus
877 2280 1186 2367 imprimis
1216 2279 1654 2354 exhibeamus,
1685 2283 2081 2370 quicumque
2113 2285 2330 2373 grutiae

289 2388 518 2456 divinae
555 2383 895 2474 participes
925 2383 1072 2448 sacti
1096 2403 1355 2457 sumus,
1390 2405 1599 2469 neque
1630 2395 1849 2449 mente
1884 2388 1964 2450 ad
2007 2402 2332 2479 contemp-

289 2508 424 2560 tum
463 2487 764 2578 disposita
812 2485 1271 2562 convivamus,
1318 2497 1392 2552 ut
1434 2486 1559 2553 boc
1589 2484 1808 2553 modo
1803 2488 2186 2578 gratissima
2196 2492 2332 2559 Deo

288 2592 772 2664 conversatione
799 2601 1084 2665 utentes,
1136 2612 1209 2655 ac
1249 2591 1560 2682 spirituali
1594 2593 1775 2658 cultu
1819 2595 2173 2662 secundum
2215 2620 2331 2664 vo-

287 2702 600 2767 luntatem
624 2695 763 2783 ejus
800 2694 891 2762 illi
931 2693 1395 2772 ministrantes,
1432 2707 1687 2763 aeteruae
1715 2695 1858 2765 vitae
1889 2698 2326 2771 haereditatem

289 2824 645 2873 cernamus.
1741 2797 1750 2804 ’
2171 2800 2178 2807 ’

376 2907 510 2975 Vll.
561 2907 782 2973 Morbo
825 2906 877 2972 si
917 2904 1058 2995 quis
1095 2906 1380 2982 laborat,
1426 2919 1641 2974 tamen
1685 2906 1824 2975 fieri
1871 2923 2119 3000 potest,
2155 2926 2228 2979 ut
2272 2913 2324 2981 is

287 3012 576 3080 membra
607 3012 895 3099 quaedam
924 3010 1116 3077 illaesa
1143 3033 1217 3078 ac
1248 3033 1398 3077 sana
1431 3012 1701 3089 babeat,
1735 3016 1993 3081 oculum
2027 3015 2325 3086 videlicet

289 3118 577 3194 visionis,
611 3130 719 3184 aut
753 3117 923 3182 aliud
953 3117 1317 3183 membrum
1344 3139 1362 3183 ε
1404 3117 1646 3206 reliqua
1677 3141 1827 3185 vero
1861 3120 2151 3187 membra
2181 3120 2321 3189 affi-

209 3294 217 3303 ,
288 3222 548 3289 ciuntur
580 3245 598 3286 ε
640 3222 730 3289 sio
763 3242 1017 3311 quoque
1046 3220 1240 3288 babet
1271 3244 1338 3287 se
1371 3243 1474 3287 res
1506 3221 1570 3287 in
1602 3222 2054 3313 spiritualibus.
2091 3224 2324 3291 Proba-

287 3327 417 3393 bile
435 3341 531 3394 est
570 3328 933 3416 quempiam
957 3327 1241 3397 membra
1274 3327 1531 3416 spiritus
1561 3327 1678 3392 tria
1716 3327 1953 3393 babere
1991 3350 2170 3404 sana,
2209 3332 2320 3396 sed

288 3455 420 3501 non
460 3445 792 3523 propterea
824 3432 1142 3521 perfectus
1188 3443 1302 3496 est.
1354 3430 1548 3495 Vides
1587 3443 1744 3517 quot
1779 3433 2010 3520 gradus
2045 3442 2110 3497 et
2146 3433 2320 3501 modi

287 3537 413 3600 sint
445 3539 694 3623 spiritus
732 3561 748 3602 ε
785 3538 1106 3624 quomodo
1131 3557 1245 3624 per
1275 3543 1482 3621 partes
1516 3532 1855 3597 ‹lefaecetur
1893 3555 1965 3597 ac
2000 3534 2324 3603 minuatur

285 3640 528 3705 malitia
545 3688 562 3713 ,
586 3656 649 3706 et
671 3666 797 3706 non
825 3665 951 3706 uno
974 3652 1322 3707 momento.
1364 3635 1662 3703 Universa
1682 3686 1699 3711 ‚
1737 3660 1875 3723 quae
1900 3650 2047 3702 sunt
2064 3687 2081 3713 ,
2115 3642 2322 3725 provi·

288 3742 504 3809 ‹lentia
530 3765 601 3807 ac
628 3746 1088 3831 dispensatione
1108 3744 1317 3811 divina
1342 3742 1507 3809 fiunt
1529 3792 1546 3818 ,
1577 3752 1713 3806 tum
1739 3743 1909 3828 quod
1934 3742 2177 3807 oriatur
2197 3743 2317 3820 sol,

287 3861 427 3914 tum
452 3847 630 3936 quod
650 3868 870 3911 omnes
898 3862 1201 3916 creaturae
1222 3860 1484 3937 propter
1515 3867 1804 3935 reguum,
1839 3846 2011 3932 quod
2045 3845 2318 3916 baeredi-

358 3997 374 4022 ¹
405 3985 522 4037 Cor.
548 4000 621 4041 ix,
650 3998 731 4051 η.
