2982 4885
1184 529 1454 579 ΒΟΠῙΠΔ
1484 550 1485 553 ’
1503 534 1546 577 1.
1736 542 1768 563 ⁸
2301 534 2379 578 21

346 651 576 741 accipit
609 651 736 718 alas
758 649 1218 741 cogitationum
1249 653 1587 743 dignarum
1609 647 1860 724 animae,
1886 667 2159 737 eamque
2184 647 2390 739 diligit

272 782 275 785 ’
344 779 424 823 ac
447 757 662 829 ducit,
700 768 893 846 prout
923 758 1055 847 ipse
1084 757 1284 824 novit.

433 865 516 931 X.
571 864 670 929 Tu
716 864 938 952 igitur,
976 866 1232 951 quando
1266 864 1489 930 auditu
1521 864 1658 929 haec
1702 860 1977 951 percipis
1998 909 2018 936 ,
2053 859 2300 950 respice
2328 873 2394 926 te

344 969 590 1059 ipsum,
625 992 705 1035 an
745 969 1066 1059 possideas
1099 970 1235 1036 haec
1278 970 1483 1057 reipsa
1521 982 1586 1035 ot
1620 990 1841 1034 revera
1885 966 1951 1031 in
1983 966 2191 1032 anima
2230 977 2342 1031 tua
2367 988 2387 1029 τ

342 1097 475 1140 non
506 1074 681 1141 enim
704 1087 853 1141 sunt
873 1076 1068 1141 verba
1097 1075 1470 1164 simpliciter
1493 1096 1566 1140 ac
1590 1076 1766 1138 nudo
1789 1073 2063 1160 prolata,
2096 1072 2209 1136 sed
2233 1094 2392 1158 opus

340 1180 575 1261 yereiu
608 1181 817 1247 anima
829 1180 1124 1248 efficitur.
1158 1182 1236 1247 Et
1252 1181 1447 1247 sinon
1462 1181 1809 1270 possideas,
1829 1200 1903 1243 ac
1929 1188 2252 1244 tantorum
2266 1178 2390 1266 spi-

348 1284 674 1361 ritualium
718 1287 1038 1357 bonorum
1075 1309 1327 1375 egenus,
1349 1287 1469 1362 sis,
1507 1286 1824 1352 tristitiam
1846 1334 1863 1359 ,
1899 1306 2241 1349 moerorem
2263 1331 2282 1359 ,
2318 1305 2393 1350 ac

346 1392 597 1458 luctum
619 1391 1265 1480 perpetuumsshaboto
1284 1440 1302 1467 ,
1329 1394 1504 1458 velut
1537 1391 1747 1456 adhuc
1778 1402 2070 1455 mortuus
2099 1412 2135 1454 a
2167 1409 2393 1476 regno,

346 1506 417 1559 et
438 1498 612 1561 velut
642 1497 957 1562 sauciatus
976 1545 995 1571 ,
1032 1498 1336 1563 continuo
1378 1499 1584 1561 clama
1626 1498 1704 1561 ad
1733 1496 2083 1560 Dominum
2104 1543 2122 1568 ,
2155 1506 2223 1559 et
2251 1505 2398 1580 pete

352 1597 791 1670 confidenter,
825 1612 900 1662 ut
932 1612 995 1661 te
1025 1622 1279 1684 quoque
1307 1622 1455 1663 vera
1484 1600 1605 1662 hac
1637 1599 1764 1662 vita
1796 1599 2110 1685 dignetur.
2151 1597 2398 1675 Quem-

352 1698 705 1763 admodum
730 1700 899 1764 enim
922 1701 1119 1775 Deus,
1153 1701 1261 1787 qui
1283 1701 1408 1766 hoc
1440 1723 1671 1789 corpus
1702 1700 2011 1774 condidit,
2038 1722 2167 1767 non
2191 1723 2397 1766 exsua

352 1803 553 1892 ipsius
577 1815 800 1869 natura
821 1853 839 1880 ,
876 1827 1084 1891 neque
1105 1827 1184 1871 ex
1208 1828 1475 1895 corpore
1507 1805 1682 1872 dedit
1709 1806 1770 1871 ei
1792 1806 2029 1872 habere
2054 1804 2245 1870 vitam
2260 1853 2279 1879 ,
2315 1804 2400 1869 ci-

350 1908 542 1983 bum,
568 1920 819 1995 potum,
841 1908 1213 1977 indumenta
1237 1922 1303 1975 et
1328 1913 1761 1977 calceamenta
1786 1935 1803 1973 z
1829 1913 1967 1986 sed,
1992 1932 2142 1975 eum
2167 1932 2400 1997 corpus

352 2024 632 2077 creasset
652 2036 766 2107 per
793 2037 860 2078 se
882 2014 1156 2090 nudum,
1188 2026 1255 2080 et
1292 2016 1417 2081 tale
1450 2017 1733 2102 quidem,
1768 2015 1943 2103 quod
1975 2014 2216 2101 absque
2246 2014 2398 2088 illis,

358 2140 499 2203 quae
526 2130 703 2184 extra
725 2140 958 2208 corpus
980 2130 1155 2196 sunt,
1184 2118 1310 2185 hoc
1341 2133 1462 2194 est,
1499 2121 1737 2208 absque
1762 2121 1931 2196 cibo,
1959 2132 2114 2209 potu
2136 2131 2202 2185 et
2224 2118 2406 2185 vesti-

348 2223 586 2288 mentis
607 2271 625 2297 ,
659 2223 869 2289 vivere
908 2246 1038 2291 non
1082 2236 1330 2313 posset,
1380 2246 1639 2290 omnem
1692 2226 2216 2291 sustentationem
2260 2224 2406 2289 vita

358 2328 750 2392 extrinsecus
789 2328 1147 2392 concessit:
1176 2331 1349 2414 quod
1382 2328 1433 2392 si
1464 2328 1533 2392 in
1564 2350 1675 2392 sua
1710 2329 1904 2416 ipsius
1936 2341 2160 2394 natura
2196 2330 2404 2394 solum

356 2428 744 2516 constiterit,
772 2432 948 2506 nullo
978 2430 1275 2495 exteriori
1298 2445 1647 2517 assumpto,
1675 2435 2105 2521 corrumpitur
2130 2455 2203 2501 ac
2236 2434 2403 2499 inte-

359 2537 487 2622 rit:
522 2537 752 2600 eodem
786 2536 981 2599 modo
1004 2546 1069 2600 et
1103 2532 1351 2607 anima,
1387 2533 1602 2599 divino
1630 2533 1870 2598 lumine
1902 2536 2223 2609 destituta,
2251 2555 2408 2600 con-

364 2639 497 2703 dita
527 2660 677 2703 vero
709 2639 1067 2716 secundum
1100 2637 1441 2725 imaginem
1469 2637 1590 2703 Dei
1628 2636 1766 2720 (sic
1793 2636 1964 2702 enim
1999 2638 2140 2703 Deo
2169 2661 2248 2703 ex
2277 2637 2410 2706 dis-

363 2743 732 2833 pensatione
769 2743 1008 2831 placuit
1030 2790 1049 2818 ,
1087 2765 1228 2809 eam
1266 2744 1506 2810 habere
1541 2743 1734 2809 vitam
1778 2745 2128 2830 oewrnam)
2164 2753 2292 2808 non
2311 2765 2414 2811 ‹ex

361 2850 618 2939 propria
646 2861 873 2920 natura
893 2897 913 2924 ,
946 2852 1060 2916 sed
1087 2872 1167 2916 ex
1198 2850 1390 2938 ipsius
1430 2848 1550 2914 Dei
1575 2847 1920 2916 Divinitate
1949 2897 1966 2922 ,
2001 2871 2082 2914 ex
2102 2847 2410 2938 peculiari

361 2951 627 3043 Spiritu,
659 2975 732 3018 ac
760 2952 1066 3042 peculiari
1094 2953 1360 3028 lumine,
1384 2953 1579 3019 habet
1609 2953 1828 3019 cibum
1860 2975 1933 3019 ac
1966 2964 2191 3042 potum
2209 2951 2408 3040 'spiri-

360 3062 631 3135 tualem,
662 3071 729 3124 et
752 3058 1123 3124 vestimenta
1150 3056 1454 3132 coelestia,
1493 3079 1634 3144 quae
1658 3069 1806 3123 sunt
1827 3080 1974 3123 vera
1999 3057 2124 3124 vita
2141 3054 2402 3122 animm.

454 3164 573 3230 XI,
628 3162 1193 3243 Quemadmodum
1240 3161 1433 3252 igitur
1464 3184 1733 3250 corpus,
1785 3176 1858 3228 ut
1888 3186 2080 3253 supra
2134 3162 2379 3228 dictum
2400 3209 2420 3236 ,

360 3268 561 3333 vitam
598 3290 730 3350 non
768 3290 847 3333 ex
877 3290 981 3343 se,
1028 3269 1140 3334 sed
1180 3268 1435 3334 aliunde
1466 3267 1698 3343 habet,
1737 3269 1861 3334 hoc
1905 3280 2002 3333 est
2038 3290 2072 3332 a
2113 3278 2314 3343 terra,
2349 3276 2417 3332 et

362 3371 604 3459 absque
628 3370 726 3449 iis,
754 3394 893 3459 quan
916 3384 1092 3437 extra
1110 3385 1280 3448 sunt,
1307 3372 1696 3462 impossibile
1717 3386 1817 3438 est
1837 3373 1895 3438 ei
1913 3373 2104 3437 vitam
2124 3373 2362 3437 ducens
2390 3393 2407 3437 ε

360 3477 454 3542 ,ita
484 3489 552 3542 et
580 3477 789 3556 anima
810 3525 829 3551 ,
861 3477 981 3543 nisi
1013 3477 1092 3542 ab
1124 3478 1246 3543 hoc
1273 3490 1560 3567 tempore
1593 3489 2005 3568 regeneretur
2037 3476 2102 3541 in
2126 3475 2298 3542 illam
2328 3474 2416 3540 vi-

366 3581 652 3648 ventium
684 3592 944 3666 terram,
978 3591 1042 3645 et
1067 3579 1196 3647 illic
1213 3580 1623 3670 spiritualiter
1647 3584 1877 3657 alatur,
1910 3593 1976 3650 et
2007 3578 2419 3669 spiritualiter

367 3685 644 3755 Domino
667 3684 1010 3775 proficiens
1044 3697 1415 3760 crescat,·et
1448 3687 1694 3756 arcanis
1722 3684 2115 3758 vestimentis
2141 3681 2419 3750 eoelestis

370 3789 865 3876 pulchritudinis
902 3811 981 3855 ex
1020 3790 1365 3857 Divinitate
1404 3787 1751 3879 desumptis
1796 3792 2098 3880 induatur
2121 3836 2141 3863 ,
2181 3787 2422 3878 absque

373 3891 488 3962 illo
522 3891 667 3970 cibo
695 3897 759 3969 in
797 3894 1028 3985 gaudio
1064 3908 1131 3963 et
1161 3895 1377 3985 quiete
1404 3917 1487 3970 ,ex
1520 3919 1589 3990 ⁵⁰.
1630 3896 1764 3985 ipsa
1805 3896 2423 3986 vivere‘Iplaueutnon

368 4008 600 4105 potest·
639 3997 851 4096 Habet·
877 4001 1048 4075 enim
1090 4001 1284 4104 ςῑίςιω
1319 4000 1529 4082 divina
1571 4013 1797 4086 natura
1813 3998 2270 4099 .-pan0m,vi,w,‚
2317 3993 2429 4099 qui
