<?xml version="1.0" encoding="UTF-8"?>
<!DOCTYPE html PUBLIC "-//W3C//DTD XHTML 1.0 Transitional//EN"
    "http://www.w3.org/TR/xhtml1/DTD/xhtml1-transitional.dtd">
<html xmlns="http://www.w3.org/1999/xhtml" xml:lang="en" lang="en">
 <head>
  <title>
</title>
<meta http-equiv="Content-Type" content="text/html;charset=utf-8" />
  <meta name='ocr-system' content='tesseract 3.04.00' />
  <meta name='ocr-capabilities' content='ocr_page ocr_carea ocr_par ocr_line ocrx_word'/>
</head>
<body>
  <div class='ocr_page' id='page_1' title='image "./sanctorummacari00egypgoog_0165.png"; bbox 0 0 2982 4885; ppageno 0'>
   <div class='ocr_carea' id='block_1_1' title="bbox 1144 530 2396 622">
    <p class='ocr_par' dir='ltr' id='par_1_1' title="bbox 1144 530 2396 622">
     <span class='ocr_line' id='line_1_1' title="bbox 1144 530 2396 622; baseline 0 -28"><span class='ocrx_word' id='word_1_1' title='bbox 1144 549 1402 595; x_wconf 68' lang='lat' dir='ltr'><strong>nonnus</strong></span> <span class='ocrx_word' id='word_1_2' title='bbox 1447 549 1601 595; x_wconf 83' lang='lat' dir='ltr'><strong>xvu.</strong></span> <span class='ocrx_word' id='word_1_3' title='bbox 2270 553 2292 594; x_wconf 84' lang='grc' dir='ltr'>ι</span> <span class='ocrx_word' id='word_1_4' title='bbox 2313 530 2396 622; x_wconf 63' lang='lat'><strong>59</strong></span> 
     </span>
    </p>
   </div>
   <div class='ocr_carea' id='block_1_2' title="bbox 312 645 2422 4134">
    <p class='ocr_par' dir='ltr' id='par_1_2' title="bbox 347 645 2422 2332">
     <span class='ocr_line' id='line_1_2' title="bbox 357 645 2396 754; baseline 0 -22"><span class='ocrx_word' id='word_1_5' title='bbox 357 663 459 732; x_wconf 85' lang='lat' dir='ltr'><strong>lus</strong></span> <span class='ocrx_word' id='word_1_6' title='bbox 494 686 510 728; x_wconf 72' lang='lat' dir='ltr'>t</span> <span class='ocrx_word' id='word_1_7' title='bbox 562 688 588 724; x_wconf 72' lang='grc' dir='ltr'><em>α</em></span> <span class='ocrx_word' id='word_1_8' title='bbox 615 645 923 753; x_wconf 77' lang='lat' dir='ltr'><strong>Spiritum</strong></span> <span class='ocrx_word' id='word_1_9' title='bbox 954 661 1148 729; x_wconf 86' lang='lat' dir='ltr'><strong>nolite</strong></span> <span class='ocrx_word' id='word_1_10' title='bbox 1177 663 1609 752; x_wconf 83' lang='lat' dir='ltr'><strong>extinguere¹.</strong></span> <span class='ocrx_word' id='word_1_11' title='bbox 1642 690 1667 725; x_wconf 69' lang='grc' dir='ltr'><strong><em>ι</em></strong></span> <span class='ocrx_word' id='word_1_12' title='bbox 1708 661 2008 734; x_wconf 75' lang='lat' dir='ltr'><strong>Nonnulli</strong></span> <span class='ocrx_word' id='word_1_13' title='bbox 2039 664 2231 754; x_wconf 79' lang='lat' dir='ltr'><strong>igitur</strong></span> <span class='ocrx_word' id='word_1_14' title='bbox 2261 667 2396 733; x_wconf 86' lang='lat' dir='ltr'><strong>illo·</strong></span> 
     </span>
     <span class='ocr_line' id='line_1_3' title="bbox 357 768 2392 860; baseline 0.001 -25"><span class='ocrx_word' id='word_1_15' title='bbox 357 792 502 835; x_wconf 85' lang='lat' dir='ltr'><strong>rum</strong></span> <span class='ocrx_word' id='word_1_16' title='bbox 526 769 900 833; x_wconf 86' lang='lat' dir='ltr'><strong>noluntaliis</strong></span> <span class='ocrx_word' id='word_1_17' title='bbox 935 768 1181 834; x_wconf 84' lang='lat' dir='ltr'><strong>molesti</strong></span> <span class='ocrx_word' id='word_1_18' title='bbox 1206 791 1369 842; x_wconf 86' lang='lat' dir='ltr'><strong>esse,</strong></span> <span class='ocrx_word' id='word_1_19' title='bbox 1392 769 1501 846; x_wconf 74' lang='lat' dir='ltr'><strong>alii</strong></span> <span class='ocrx_word' id='word_1_20' title='bbox 1533 793 1683 835; x_wconf 81' lang='lat' dir='ltr'><strong>vero</strong></span> <span class='ocrx_word' id='word_1_21' title='bbox 1700 770 1818 835; x_wconf 87' lang='lat' dir='ltr'><strong>sibi</strong></span> <span class='ocrx_word' id='word_1_22' title='bbox 1843 771 1960 858; x_wconf 87' lang='lat' dir='ltr'><strong>ipsi</strong></span> <span class='ocrx_word' id='word_1_23' title='bbox 1976 791 2228 860; x_wconf 78' lang='lat' dir='ltr'><strong>gressus·</strong></span> <span class='ocrx_word' id='word_1_24' title='bbox 2245 796 2392 838; x_wconf 84' lang='lat' dir='ltr'><strong>suos</strong></span> 
     </span>
     <span class='ocr_line' id='line_1_4' title="bbox 358 873 2396 967; baseline 0.001 -27"><span class='ocrx_word' id='word_1_25' title='bbox 358 875 635 963; x_wconf 81' lang='lat' dir='ltr'><strong>dirigunt</strong></span> <span class='ocrx_word' id='word_1_26' title='bbox 652 899 671 951; x_wconf 70' lang='grc' dir='ltr'><strong><em>ς</em></strong></span> <span class='ocrx_word' id='word_1_27' title='bbox 700 873 925 961; x_wconf 78' lang='lat' dir='ltr'><strong>reliqui</strong></span> <span class='ocrx_word' id='word_1_28' title='bbox 951 896 1099 939; x_wconf 85' lang='lat' dir='ltr'><strong>vero</strong></span> <span class='ocrx_word' id='word_1_29' title='bbox 1119 896 1151 938; x_wconf 91' lang='lat' dir='ltr'><strong>a</strong></span> <span class='ocrx_word' id='word_1_30' title='bbox 1186 875 1595 940; x_wconf 68' lang='lat' dir='ltr'><strong>saecularibus</strong></span> <span class='ocrx_word' id='word_1_31' title='bbox 1615 876 2018 965; x_wconf 76' lang='lat' dir='ltr'><strong>accipientes,</strong></span> <span class='ocrx_word' id='word_1_32' title='bbox 2041 875 2396 967; x_wconf 76' lang='lat' dir='ltr'><strong>largiuntur</strong></span> 
     </span>
     <span class='ocr_line' id='line_1_5' title="bbox 354 978 2422 1070; baseline 0.002 -26"><span class='ocrx_word' id='word_1_33' title='bbox 354 978 739 1070; x_wconf 84' lang='lat' dir='ltr'><strong>pauperibus</strong></span> <span class='ocrx_word' id='word_1_34' title='bbox 774 1001 791 1042; x_wconf 90' lang='lat'><strong>:</strong></span> <span class='ocrx_word' id='word_1_35' title='bbox 828 981 1003 1065; x_wconf 90' lang='lat' dir='ltr'><strong>quod</strong></span> <span class='ocrx_word' id='word_1_36' title='bbox 1031 978 1250 1066; x_wconf 83' lang='lat' dir='ltr'><strong>utique</strong></span> <span class='ocrx_word' id='word_1_37' title='bbox 1283 980 1686 1067; x_wconf 81' lang='lat' dir='ltr'><strong>praestantius</strong></span> <span class='ocrx_word' id='word_1_38' title='bbox 1720 993 1834 1046; x_wconf 88' lang='lat' dir='ltr'><strong>est.</strong></span> <span class='ocrx_word' id='word_1_39' title='bbox 1870 982 2148 1062; x_wconf 81' lang='lat' dir='ltr'><strong>Quidam</strong></span> <span class='ocrx_word' id='word_1_40' title='bbox 2179 984 2348 1054; x_wconf 88' lang='lat' dir='ltr'><strong>enim</strong></span> <span class='ocrx_word' id='word_1_41' title='bbox 2371 980 2422 1057; x_wconf 71' lang='lat'><strong>‚²</strong></span> 
     </span>
     <span class='ocr_line' id='line_1_6' title="bbox 352 1083 2413 1174; baseline 0.001 -24"><span class='ocrx_word' id='word_1_42' title='bbox 352 1085 460 1173; x_wconf 90' lang='lat' dir='ltr'><strong>qui</strong></span> <span class='ocrx_word' id='word_1_43' title='bbox 489 1084 689 1173; x_wconf 84' lang='lat' dir='ltr'><strong>gratia</strong></span> <span class='ocrx_word' id='word_1_44' title='bbox 720 1083 970 1174; x_wconf 84' lang='lat' dir='ltr'><strong>praediti</strong></span> <span class='ocrx_word' id='word_1_45' title='bbox 1012 1095 1188 1160; x_wconf 85' lang='lat' dir='ltr'><strong>sunt,</strong></span> <span class='ocrx_word' id='word_1_46' title='bbox 1232 1108 1456 1152; x_wconf 89' lang='lat' dir='ltr'><strong>eorum</strong></span> <span class='ocrx_word' id='word_1_47' title='bbox 1478 1136 1496 1161; x_wconf 86' lang='lat'>‚</span> <span class='ocrx_word' id='word_1_48' title='bbox 1523 1101 1664 1174; x_wconf 74' lang='lat' dir='ltr'><strong>qum</strong></span> <span class='ocrx_word' id='word_1_49' title='bbox 1690 1110 1800 1153; x_wconf 87' lang='lat' dir='ltr'><strong>sua</strong></span> <span class='ocrx_word' id='word_1_50' title='bbox 1832 1093 2020 1163; x_wconf 72' lang='lat' dir='ltr'><strong>sunt&#39;,</strong></span> <span class='ocrx_word' id='word_1_51' title='bbox 2055 1087 2245 1158; x_wconf 86' lang='lat' dir='ltr'><strong>unice</strong></span> <span class='ocrx_word' id='word_1_52' title='bbox 2276 1112 2413 1154; x_wconf 87' lang='lat' dir='ltr'><strong>cu-·</strong></span> 
     </span>
     <span class='ocr_line' id='line_1_7' title="bbox 354 1190 2401 1280; baseline 0.001 -24"><span class='ocrx_word' id='word_1_53' title='bbox 354 1213 490 1257; x_wconf 83' lang='lat' dir='ltr'><strong>ram</strong></span> <span class='ocrx_word' id='word_1_54' title='bbox 512 1202 743 1280; x_wconf 83' lang='lat' dir='ltr'><strong>gerunt</strong></span> <span class='ocrx_word' id='word_1_55' title='bbox 780 1214 795 1254; x_wconf 72' lang='grc' dir='ltr'><strong>ε</strong></span> <span class='ocrx_word' id='word_1_56' title='bbox 827 1190 931 1256; x_wconf 89' lang='lat' dir='ltr'><strong>alii</strong></span> <span class='ocrx_word' id='word_1_57' title='bbox 954 1212 1104 1255; x_wconf 75' lang='lat' dir='ltr'><strong>vero</strong></span> <span class='ocrx_word' id='word_1_58' title='bbox 1138 1191 1407 1258; x_wconf 90' lang='lat' dir='ltr'><strong>aliorum</strong></span> <span class='ocrx_word' id='word_1_59' title='bbox 1430 1211 1686 1280; x_wconf 88' lang='lat' dir='ltr'><strong>quoque</strong></span> <span class='ocrx_word' id='word_1_60' title='bbox 1708 1194 1951 1259; x_wconf 78' lang='lat' dir='ltr'><strong>animas</strong></span> <span class='ocrx_word' id='word_1_61' title='bbox 1970 1193 2190 1280; x_wconf 81' lang='lat' dir='ltr'><strong>juvare</strong></span> <span class='ocrx_word' id='word_1_62' title='bbox 2210 1194 2401 1272; x_wconf 84' lang='lat' dir='ltr'><strong>labo-</strong></span> 
     </span>
     <span class='ocr_line' id='line_1_8' title="bbox 356 1296 2397 1385; baseline 0.001 -23"><span class='ocrx_word' id='word_1_63' title='bbox 356 1308 498 1363; x_wconf 85' lang='lat' dir='ltr'><strong>rant</strong></span> <span class='ocrx_word' id='word_1_64' title='bbox 523 1319 538 1361; x_wconf 72' lang='grc' dir='ltr'>ε</span> <span class='ocrx_word' id='word_1_65' title='bbox 567 1296 634 1363; x_wconf 87' lang='lat' dir='ltr'><strong>hi</strong></span> <span class='ocrx_word' id='word_1_66' title='bbox 668 1297 806 1362; x_wconf 90' lang='lat' dir='ltr'><strong>illos</strong></span> <span class='ocrx_word' id='word_1_67' title='bbox 828 1298 1102 1361; x_wconf 88' lang='lat' dir='ltr'><strong>multum</strong></span> <span class='ocrx_word' id='word_1_68' title='bbox 1126 1309 1425 1385; x_wconf 66' lang='lat' dir='ltr'><strong>praestant</strong></span> <span class='ocrx_word' id='word_1_69' title='bbox 1454 1318 1469 1360; x_wconf 73' lang='grc' dir='ltr'><strong>ε</strong></span> <span class='ocrx_word' id='word_1_70' title='bbox 1499 1297 1603 1362; x_wconf 85' lang='lat' dir='ltr'><strong>alii</strong></span> <span class='ocrx_word' id='word_1_71' title='bbox 1625 1319 1773 1362; x_wconf 86' lang='lat' dir='ltr'><strong>vero</strong></span> <span class='ocrx_word' id='word_1_72' title='bbox 1795 1299 2060 1385; x_wconf 76' lang='lat' dir='ltr'><strong>gratiam</strong></span> <span class='ocrx_word' id='word_1_73' title='bbox 2084 1299 2397 1366; x_wconf 77' lang='lat' dir='ltr'><strong>habentes</strong></span> 
     </span>
     <span class='ocr_line' id='line_1_9' title="bbox 352 1397 2397 1492; baseline 0 -24"><span class='ocrx_word' id='word_1_74' title='bbox 352 1425 469 1492; x_wconf 91' lang='lat' dir='ltr'><strong>pro</strong></span> <span class='ocrx_word' id='word_1_75' title='bbox 498 1397 758 1468; x_wconf 84' lang='lat' dir='ltr'><strong>nomine</strong></span> <span class='ocrx_word' id='word_1_76' title='bbox 798 1401 914 1467; x_wconf 91' lang='lat' dir='ltr'><strong>Dei</strong></span> <span class='ocrx_word' id='word_1_77' title='bbox 955 1423 1225 1489; x_wconf 87' lang='lat' dir='ltr'><strong>corpora</strong></span> <span class='ocrx_word' id='word_1_78' title='bbox 1258 1423 1370 1466; x_wconf 84' lang='lat' dir='ltr'><strong>sua</strong></span> <span class='ocrx_word' id='word_1_79' title='bbox 1404 1402 1809 1480; x_wconf 87' lang='lat' dir='ltr'><strong>contumeliis</strong></span> <span class='ocrx_word' id='word_1_80' title='bbox 1847 1414 1912 1467; x_wconf 82' lang='lat' dir='ltr'><strong>et</strong></span> <span class='ocrx_word' id='word_1_81' title='bbox 1945 1403 2397 1469; x_wconf 77' lang='lat' dir='ltr'><strong>afflictionibus</strong></span> 
     </span>
     <span class='ocr_line' id='line_1_10' title="bbox 353 1505 2412 1595; baseline -0 -23"><span class='ocrx_word' id='word_1_82' title='bbox 353 1518 685 1595; x_wconf 85' lang='lat' dir='ltr'><strong>exponunt</strong></span> <span class='ocrx_word' id='word_1_83' title='bbox 717 1528 733 1569; x_wconf 77' lang='grc' dir='ltr'><strong><em>ε</em></strong></span> <span class='ocrx_word' id='word_1_84' title='bbox 764 1506 829 1571; x_wconf 90' lang='lat' dir='ltr'><strong>hi</strong></span> <span class='ocrx_word' id='word_1_85' title='bbox 861 1506 982 1569; x_wconf 90' lang='lat' dir='ltr'><strong>illis</strong></span> <span class='ocrx_word' id='word_1_86' title='bbox 1019 1506 1254 1569; x_wconf 82' lang='lat' dir='ltr'><strong>iterum</strong></span> <span class='ocrx_word' id='word_1_87' title='bbox 1285 1506 1645 1592; x_wconf 77' lang='lat' dir='ltr'>superiores</span> <span class='ocrx_word' id='word_1_88' title='bbox 1674 1517 1841 1574; x_wconf 79' lang='lat' dir='ltr'><strong>sunt.</strong></span> <span class='ocrx_word' id='word_1_89' title='bbox 1886 1505 2189 1572; x_wconf 83' lang='lat' dir='ltr'><strong>Nonnulli</strong></span> <span class='ocrx_word' id='word_1_90' title='bbox 2212 1507 2412 1571; x_wconf 79' lang='lat' dir='ltr'><strong>virtu·‘</strong></span> 
     </span>
     <span class='ocr_line' id='line_1_11' title="bbox 360 1606 2397 1698; baseline 0 -23"><span class='ocrx_word' id='word_1_91' title='bbox 360 1622 493 1676; x_wconf 88' lang='lat' dir='ltr'><strong>tem</strong></span> <span class='ocrx_word' id='word_1_92' title='bbox 531 1619 1021 1698; x_wconf 85' lang='lat' dir='ltr'><strong>persequentes.</strong></span> <span class='ocrx_word' id='word_1_93' title='bbox 1066 1606 1355 1693; x_wconf 83' lang='lat' dir='ltr'><strong>gloriari,</strong></span> <span class='ocrx_word' id='word_1_94' title='bbox 1405 1620 1471 1671; x_wconf 90' lang='lat' dir='ltr'><strong>et</strong></span> <span class='ocrx_word' id='word_1_95' title='bbox 1518 1607 1598 1671; x_wconf 88' lang='lat' dir='ltr'><strong>ab</strong></span> <span class='ocrx_word' id='word_1_96' title='bbox 1625 1607 2004 1674; x_wconf 65' lang='lat' dir='ltr'><strong>&gt;hominihus</strong></span> <span class='ocrx_word' id='word_1_97' title='bbox 2044 1607 2397 1675; x_wconf 82' lang='lat' dir='ltr'><strong>honoribus</strong></span> 
     </span>
     <span class='ocr_line' id='line_1_12' title="bbox 360 1711 2396 1802; baseline 0 -22"><span class='ocrx_word' id='word_1_98' title='bbox 360 1713 524 1781; x_wconf 80' lang='lat' dir='ltr'><strong>affici</strong></span> <span class='ocrx_word' id='word_1_99' title='bbox 568 1713 791 1779; x_wconf 84' lang='lat' dir='ltr'><strong>volunt</strong></span> <span class='ocrx_word' id='word_1_100' title='bbox 825 1760 847 1787; x_wconf 84' lang='lat'><em>,</em></span> <span class='ocrx_word' id='word_1_101' title='bbox 899 1711 1183 1802; x_wconf 68' lang='lat' dir='ltr'><strong>dieentes</strong></span> <span class='ocrx_word' id='word_1_102' title='bbox 1230 1734 1297 1776; x_wconf 90' lang='lat' dir='ltr'><strong>se</strong></span> <span class='ocrx_word' id='word_1_103' title='bbox 1340 1711 1734 1782; x_wconf 77' lang='lat' dir='ltr'><strong>Christianos</strong></span> <span class='ocrx_word' id='word_1_104' title='bbox 1779 1726 1845 1778; x_wconf 89' lang='lat' dir='ltr'><strong>et</strong></span> <span class='ocrx_word' id='word_1_105' title='bbox 1882 1712 2157 1802; x_wconf 80' lang='lat' dir='ltr'><strong>Spiritus</strong></span> <span class='ocrx_word' id='word_1_106' title='bbox 2190 1715 2396 1781; x_wconf 82' lang='lat' dir='ltr'><strong>sancti</strong></span> 
     </span>
     <span class='ocr_line' id='line_1_13' title="bbox 355 1815 2400 1909; baseline 0 -24"><span class='ocrx_word' id='word_1_107' title='bbox 355 1818 695 1909; x_wconf 76' lang='lat' dir='ltr'><strong>participes</strong></span> <span class='ocrx_word' id='word_1_108' title='bbox 726 1840 862 1883; x_wconf 79' lang='lat' dir='ltr'><strong>esse</strong></span> <span class='ocrx_word' id='word_1_109' title='bbox 890 1839 905 1881; x_wconf 76' lang='grc' dir='ltr'><strong><em>ε</em></strong></span> <span class='ocrx_word' id='word_1_110' title='bbox 941 1817 1043 1882; x_wconf 89' lang='lat' dir='ltr'><strong>alii</strong></span> <span class='ocrx_word' id='word_1_111' title='bbox 1080 1838 1231 1882; x_wconf 72' lang='lat' dir='ltr'><strong>vero</strong></span> <span class='ocrx_word' id='word_1_112' title='bbox 1256 1838 1323 1880; x_wconf 78' lang='lat' dir='ltr'><strong>se</strong></span> <span class='ocrx_word' id='word_1_113' title='bbox 1354 1818 1681 1883; x_wconf 86' lang='lat' dir='ltr'><strong>occultare</strong></span> <span class='ocrx_word' id='word_1_114' title='bbox 1718 1828 1786 1882; x_wconf 93' lang='lat' dir='ltr'><strong>et·</strong></span> <span class='ocrx_word' id='word_1_115' title='bbox 1815 1816 1893 1881; x_wconf 85' lang='lat' dir='ltr'><strong>ab</strong></span> <span class='ocrx_word' id='word_1_116' title='bbox 1917 1815 2256 1883; x_wconf 88' lang='lat' dir='ltr'><strong>hominum</strong></span> <span class='ocrx_word' id='word_1_117' title='bbox 2275 1841 2400 1885; x_wconf 74' lang='lat' dir='ltr'><strong>oc-</strong></span> 
     </span>
     <span class='ocr_line' id='line_1_14' title="bbox 355 1922 2396 2014; baseline -0 -22"><span class='ocrx_word' id='word_1_118' title='bbox 355 1949 547 1993; x_wconf 86' lang='lat' dir='ltr'><strong>cursu</strong></span> <span class='ocrx_word' id='word_1_119' title='bbox 578 1924 905 2001; x_wconf 85' lang='lat' dir='ltr'><strong>nituntur,</strong></span> <span class='ocrx_word' id='word_1_120' title='bbox 957 1923 1063 2012; x_wconf 91' lang='lat' dir='ltr'><strong>qui</strong></span> <span class='ocrx_word' id='word_1_121' title='bbox 1095 1922 1235 2014; x_wconf 78' lang='lat' dir='ltr'><strong>illos</strong></span> <span class='ocrx_word' id='word_1_122' title='bbox 1271 1924 1457 2012; x_wconf 85' lang='lat' dir='ltr'><strong>longe</strong></span> <span class='ocrx_word' id='word_1_123' title='bbox 1488 1935 1807 2013; x_wconf 83' lang='lat' dir='ltr'><strong>superant.</strong></span> <span class='ocrx_word' id='word_1_124' title='bbox 1851 1922 2039 1990; x_wconf 91' lang='lat' dir='ltr'><strong>Vides</strong></span> <span class='ocrx_word' id='word_1_125' title='bbox 2070 1923 2396 2011; x_wconf 87' lang='lat' dir='ltr'><strong>quomodo</strong></span> 
     </span>
     <span class='ocr_line' id='line_1_15' title="bbox 353 2028 2398 2122; baseline -0.002 -23"><span class='ocrx_word' id='word_1_126' title='bbox 353 2035 454 2099; x_wconf 83' lang='lat' dir='ltr'><strong>vel</strong></span> <span class='ocrx_word' id='word_1_127' title='bbox 496 2032 559 2096; x_wconf 87' lang='lat' dir='ltr'><strong>in</strong></span> <span class='ocrx_word' id='word_1_128' title='bbox 588 2030 731 2122; x_wconf 78' lang='lat' dir='ltr'><strong>¹ipsa</strong></span> <span class='ocrx_word' id='word_1_129' title='bbox 772 2028 1164 2120; x_wconf 78' lang='lat' dir='ltr'><strong>perfectione</strong></span> <span class='ocrx_word' id='word_1_130' title='bbox 1206 2028 1643 2095; x_wconf 87' lang='lat' dir='ltr'><strong>benevolentia</strong></span> <span class='ocrx_word' id='word_1_131' title='bbox 1689 2051 1838 2118; x_wconf 84' lang='lat' dir='ltr'><strong>erga</strong></span> <span class='ocrx_word' id='word_1_132' title='bbox 1876 2028 2141 2104; x_wconf 84' lang='lat' dir='ltr'><strong>Deum,</strong></span> <span class='ocrx_word' id='word_1_133' title='bbox 2182 2050 2324 2116; x_wconf 80' lang='lat' dir='ltr'><strong>quae</strong></span> <span class='ocrx_word' id='word_1_134' title='bbox 2357 2051 2398 2094; x_wconf 79' lang='lat' dir='ltr'><strong>a</strong></span> 
     </span>
     <span class='ocr_line' id='line_1_16' title="bbox 347 2133 2396 2224; baseline -0.002 -20"><span class='ocrx_word' id='word_1_135' title='bbox 347 2139 670 2204; x_wconf 81' lang='lat' dir='ltr'><strong>voluntate</strong></span> <span class='ocrx_word' id='word_1_136' title='bbox 693 2136 967 2218; x_wconf 84' lang='lat' dir='ltr'><strong>naturali</strong></span> <span class='ocrx_word' id='word_1_137' title='bbox 985 2133 1284 2210; x_wconf 83' lang='lat' dir='ltr'><strong>efficitur,</strong></span> <span class='ocrx_word' id='word_1_138' title='bbox 1310 2135 1712 2224; x_wconf 82' lang='lat' dir='ltr'><strong>praestantior</strong></span> <span class='ocrx_word' id='word_1_139' title='bbox 1734 2145 1924 2222; x_wconf 78' lang='lat' dir='ltr'><strong>atque</strong></span> <span class='ocrx_word' id='word_1_140' title='bbox 1961 2133 2396 2200; x_wconf 77' lang='lat' dir='ltr'><strong>abnndantior</strong></span> 
     </span>
     <span class='ocr_line' id='line_1_17' title="bbox 353 2243 1996 2332; baseline -0.003 -23"><span class='ocrx_word' id='word_1_141' title='bbox 353 2243 722 2332; x_wconf 75' lang='lat' dir='ltr'><strong>reperiatur.</strong></span> <span class='ocrx_word' id='word_1_142' title='bbox 1206 2321 1209 2324; x_wconf 72' lang='lat'>.</span> <span class='ocrx_word' id='word_1_143' title='bbox 1989 2249 1996 2256; x_wconf 83' lang='grc'><em>“</em></span> 
     </span>
    </p>

    <p class='ocr_par' dir='ltr' id='par_1_3' title="bbox 352 2341 2397 3487">
     <span class='ocr_line' id='line_1_18' title="bbox 444 2341 2396 2429; baseline -0.001 -18"><span class='ocrx_word' id='word_1_144' title='bbox 444 2344 560 2411; x_wconf 79' lang='lat' dir='ltr'><strong>lx.</strong></span> <span class='ocrx_word' id='word_1_145' title='bbox 612 2345 886 2412; x_wconf 78' lang='lat' dir='ltr'><strong>Perinde</strong></span> <span class='ocrx_word' id='word_1_146' title='bbox 925 2364 999 2407; x_wconf 86' lang='lat' dir='ltr'><strong>ac</strong></span> <span class='ocrx_word' id='word_1_147' title='bbox 1036 2343 1258 2429; x_wconf 51' lang='lat' dir='ltr'><strong>§quis</strong></span> <span class='ocrx_word' id='word_1_148' title='bbox 1288 2343 1517 2408; x_wconf 76' lang='lat' dir='ltr'><strong>vilibus</strong></span> <span class='ocrx_word' id='word_1_149' title='bbox 1556 2342 1817 2407; x_wconf 85' lang='lat' dir='ltr'><strong>indutus</strong></span> <span class='ocrx_word' id='word_1_150' title='bbox 1846 2341 2234 2409; x_wconf 82' lang='lat' dir='ltr'><strong>vestimentis</strong></span> <span class='ocrx_word' id='word_1_151' title='bbox 2277 2365 2396 2429; x_wconf 83' lang='lat' dir='ltr'><strong>per</strong></span> 
     </span>
     <span class='ocr_line' id='line_1_19' title="bbox 357 2444 2394 2537; baseline -0.002 -20"><span class='ocrx_word' id='word_1_152' title='bbox 357 2444 562 2522; x_wconf 83' lang='lat' dir='ltr'><strong>visum</strong></span> <span class='ocrx_word' id='word_1_153' title='bbox 578 2472 644 2514; x_wconf 87' lang='lat' dir='ltr'><strong>se</strong></span> <span class='ocrx_word' id='word_1_154' title='bbox 666 2448 877 2537; x_wconf 88' lang='lat' dir='ltr'><strong>ipsum</strong></span> <span class='ocrx_word' id='word_1_155' title='bbox 894 2446 1241 2534; x_wconf 85' lang='lat' dir='ltr'><strong>conspiciat</strong></span> <span class='ocrx_word' id='word_1_156' title='bbox 1260 2446 1519 2510; x_wconf 87' lang='lat' dir='ltr'><strong>divitem</strong></span> <span class='ocrx_word' id='word_1_157' title='bbox 1539 2494 1558 2519; x_wconf 84' lang='lat'>‚</span> <span class='ocrx_word' id='word_1_158' title='bbox 1580 2467 1841 2532; x_wconf 77' lang='lat' dir='ltr'><strong>surgens</strong></span> <span class='ocrx_word' id='word_1_159' title='bbox 1859 2457 2069 2512; x_wconf 81' lang='lat' dir='ltr'><strong>autem</strong></span> <span class='ocrx_word' id='word_1_160' title='bbox 2088 2471 2125 2512; x_wconf 90' lang='lat' dir='ltr'><strong>e</strong></span> <span class='ocrx_word' id='word_1_161' title='bbox 2142 2468 2394 2523; x_wconf 80' lang='lat' dir='ltr'><strong>somno,</strong></span> 
     </span>
     <span class='ocr_line' id='line_1_20' title="bbox 358 2549 2397 2643; baseline -0.003 -18"><span class='ocrx_word' id='word_1_162' title='bbox 358 2579 613 2624; x_wconf 85' lang='lat' dir='ltr'><strong>rursum</strong></span> <span class='ocrx_word' id='word_1_163' title='bbox 659 2578 728 2620; x_wconf 91' lang='lat' dir='ltr'><strong>se</strong></span> <span class='ocrx_word' id='word_1_164' title='bbox 766 2573 1110 2643; x_wconf 82' lang='lat' dir='ltr'><strong>pauperem</strong></span> <span class='ocrx_word' id='word_1_165' title='bbox 1150 2563 1218 2617; x_wconf 94' lang='lat' dir='ltr'><strong>et</strong></span> <span class='ocrx_word' id='word_1_166' title='bbox 1257 2549 1504 2617; x_wconf 86' lang='lat' dir='ltr'><strong>nudum</strong></span> <span class='ocrx_word' id='word_1_167' title='bbox 1548 2550 1801 2619; x_wconf 81' lang='lat' dir='ltr'><strong>videat:</strong></span> <span class='ocrx_word' id='word_1_168' title='bbox 1836 2549 1926 2615; x_wconf 87' lang='lat' dir='ltr'><strong>sic</strong></span> <span class='ocrx_word' id='word_1_169' title='bbox 1961 2572 2222 2637; x_wconf 70' lang='lat' dir='ltr'><strong>⁴quoque</strong></span> <span class='ocrx_word' id='word_1_170' title='bbox 2282 2551 2397 2639; x_wconf 85' lang='lat' dir='ltr'><strong>qui</strong></span> 
     </span>
     <span class='ocr_line' id='line_1_21' title="bbox 359 2651 2396 2747; baseline -0.003 -18"><span class='ocrx_word' id='word_1_171' title='bbox 359 2683 716 2731; x_wconf 88' lang='lat' dir='ltr'><strong>sermonem</strong></span> <span class='ocrx_word' id='word_1_172' title='bbox 748 2657 1137 2747; x_wconf 68' lang='lat' dir='ltr'><strong>spiritualem</strong></span> <span class='ocrx_word' id='word_1_173' title='bbox 1168 2658 1544 2744; x_wconf 87' lang='lat' dir='ltr'><strong>loquuntur,</strong></span> <span class='ocrx_word' id='word_1_174' title='bbox 1592 2651 2045 2720; x_wconf 81' lang='lat' dir='ltr'><strong>convenienter</strong></span> <span class='ocrx_word' id='word_1_175' title='bbox 2074 2654 2257 2741; x_wconf 76' lang='lat' dir='ltr'><strong>loqui</strong></span> <span class='ocrx_word' id='word_1_176' title='bbox 2295 2655 2396 2723; x_wconf 78' lang='lat' dir='ltr'><strong>vi-</strong></span> 
     </span>
     <span class='ocr_line' id='line_1_22' title="bbox 360 2760 2397 2847; baseline -0.005 -10"><span class='ocrx_word' id='word_1_177' title='bbox 360 2770 639 2845; x_wconf 69' lang='lat' dir='ltr'><strong>‹tantun-3</strong></span> <span class='ocrx_word' id='word_1_178' title='bbox 695 2766 745 2832; x_wconf 93' lang='lat' dir='ltr'><strong>si</strong></span> <span class='ocrx_word' id='word_1_179' title='bbox 798 2787 947 2832; x_wconf 79' lang='lat' dir='ltr'><strong>vero</strong></span> <span class='ocrx_word' id='word_1_180' title='bbox 994 2786 1121 2829; x_wconf 90' lang='lat' dir='ltr'><strong>non</strong></span> <span class='ocrx_word' id='word_1_181' title='bbox 1168 2763 1633 2839; x_wconf 64' lang='lat' dir='ltr'><strong>habeantrem</strong></span> <span class='ocrx_word' id='word_1_182' title='bbox 1679 2760 2072 2847; x_wconf 64' lang='lat' dir='ltr'><strong>ipsam‘eum</strong></span> <span class='ocrx_word' id='word_1_183' title='bbox 2103 2762 2397 2846; x_wconf 63' lang='lat' dir='ltr'><strong>‚quodam</strong></span> 
     </span>
     <span class='ocr_line' id='line_1_23' title="bbox 358 2861 2392 2967; baseline -0.005 -26"><span class='ocrx_word' id='word_1_184' title='bbox 358 2885 544 2967; x_wconf 80' lang='lat' dir='ltr'><strong>gustu</strong></span> <span class='ocrx_word' id='word_1_185' title='bbox 562 2923 581 2949; x_wconf 88' lang='lat'>,</span> <span class='ocrx_word' id='word_1_186' title='bbox 606 2870 887 2963; x_wconf 83' lang='lat' dir='ltr'><strong>potentia</strong></span> <span class='ocrx_word' id='word_1_187' title='bbox 918 2891 992 2936; x_wconf 86' lang='lat' dir='ltr'><strong>ae</strong></span> <span class='ocrx_word' id='word_1_188' title='bbox 1018 2867 1399 2936; x_wconf 82' lang='lat' dir='ltr'><strong>certitudine</strong></span> <span class='ocrx_word' id='word_1_189' title='bbox 1422 2865 1568 2933; x_wconf 81' lang='lat' dir='ltr'><strong>fidei</strong></span> <span class='ocrx_word' id='word_1_190' title='bbox 1585 2915 1604 2941; x_wconf 88' lang='lat'>,</span> <span class='ocrx_word' id='word_1_191' title='bbox 1644 2865 1707 2930; x_wconf 92' lang='lat' dir='ltr'><strong>in</strong></span> <span class='ocrx_word' id='word_1_192' title='bbox 1740 2876 2021 2930; x_wconf 83' lang='lat' dir='ltr'><strong>mentem</strong></span> <span class='ocrx_word' id='word_1_193' title='bbox 2045 2861 2392 2944; x_wconf 80' lang='lat' dir='ltr'><strong>firmatam,</strong></span> 
     </span>
     <span class='ocr_line' id='line_1_24' title="bbox 355 2969 2389 3069; baseline -0.005 -21"><span class='ocrx_word' id='word_1_194' title='bbox 355 2981 420 3049; x_wconf 89' lang='lat' dir='ltr'><strong>in</strong></span> <span class='ocrx_word' id='word_1_195' title='bbox 444 2980 614 3047; x_wconf 89' lang='lat' dir='ltr'><strong>nuda</strong></span> <span class='ocrx_word' id='word_1_196' title='bbox 649 2979 923 3069; x_wconf 88' lang='lat' dir='ltr'><strong>quadam</strong></span> <span class='ocrx_word' id='word_1_197' title='bbox 957 2975 1256 3066; x_wconf 77' lang='lat' dir='ltr'><strong>opinione</strong></span> <span class='ocrx_word' id='word_1_198' title='bbox 1288 2973 1661 3040; x_wconf 80' lang='lat' dir='ltr'><strong>consistunt.</strong></span> <span class='ocrx_word' id='word_1_199' title='bbox 1700 2970 1829 3037; x_wconf 81' lang='lat' dir='ltr'><strong>Aut</strong></span> <span class='ocrx_word' id='word_1_200' title='bbox 1864 2970 2059 3038; x_wconf 85' lang='lat' dir='ltr'><strong>veluti</strong></span> <span class='ocrx_word' id='word_1_201' title='bbox 2091 2969 2389 3048; x_wconf 64' lang='lat' dir='ltr'><strong>flemina,</strong></span> 
     </span>
     <span class='ocr_line' id='line_1_25' title="bbox 354 3081 2397 3173; baseline -0.006 -16"><span class='ocrx_word' id='word_1_202' title='bbox 354 3087 857 3158; x_wconf 87' lang='lat' dir='ltr'><strong>holosericorum</strong></span> <span class='ocrx_word' id='word_1_203' title='bbox 902 3107 976 3151; x_wconf 90' lang='lat' dir='ltr'><strong>ac</strong></span> <span class='ocrx_word' id='word_1_204' title='bbox 1019 3081 1508 3173; x_wconf 80' lang='lat' dir='ltr'><strong>margaritarum</strong></span> <span class='ocrx_word' id='word_1_205' title='bbox 1548 3081 1727 3146; x_wconf 81' lang='lat' dir='ltr'><strong>cultu</strong></span> <span class='ocrx_word' id='word_1_206' title='bbox 1756 3091 2057 3147; x_wconf 76' lang='lat' dir='ltr'><strong>exornata</strong></span> <span class='ocrx_word' id='word_1_207' title='bbox 2086 3126 2107 3153; x_wconf 85' lang='lat'><strong>.</strong></span> <span class='ocrx_word' id='word_1_208' title='bbox 2149 3089 2397 3167; x_wconf 77' lang='lat' dir='ltr'><strong>prostat</strong></span> 
     </span>
     <span class='ocr_line' id='line_1_26' title="bbox 353 3182 2393 3286; baseline -0.006 -25"><span class='ocrx_word' id='word_1_209' title='bbox 353 3195 417 3261; x_wconf 89' lang='lat' dir='ltr'><strong>in</strong></span> <span class='ocrx_word' id='word_1_210' title='bbox 448 3193 735 3286; x_wconf 79' lang='lat' dir='ltr'><strong>lupanari</strong></span> <span class='ocrx_word' id='word_1_211' title='bbox 773 3215 790 3259; x_wconf 74' lang='grc' dir='ltr'><strong><em>ε</em></strong></span> <span class='ocrx_word' id='word_1_212' title='bbox 828 3192 917 3257; x_wconf 87' lang='lat' dir='ltr'><strong>sic</strong></span> <span class='ocrx_word' id='word_1_213' title='bbox 963 3212 1216 3279; x_wconf 88' lang='lat' dir='ltr'><strong>quoque</strong></span> <span class='ocrx_word' id='word_1_214' title='bbox 1252 3209 1366 3254; x_wconf 87' lang='lat' dir='ltr'><strong>eor</strong></span> <span class='ocrx_word' id='word_1_215' title='bbox 1394 3182 1710 3275; x_wconf 85' lang='lat' dir='ltr'><strong>ejusmodi</strong></span> <span class='ocrx_word' id='word_1_216' title='bbox 1743 3182 2079 3250; x_wconf 82' lang='lat' dir='ltr'><strong>hominum</strong></span> <span class='ocrx_word' id='word_1_217' title='bbox 2124 3184 2393 3272; x_wconf 80' lang='lat' dir='ltr'><strong>lupanar</strong></span> 
     </span>
     <span class='ocr_line' id='line_1_27' title="bbox 352 3290 2396 3391; baseline -0.006 -22"><span class='ocrx_word' id='word_1_218' title='bbox 352 3304 672 3391; x_wconf 85' lang='lat' dir='ltr'><strong>quoddam</strong></span> <span class='ocrx_word' id='word_1_219' title='bbox 707 3311 805 3367; x_wconf 90' lang='lat' dir='ltr'><strong>est</strong></span> <span class='ocrx_word' id='word_1_220' title='bbox 830 3299 1113 3389; x_wconf 83' lang='lat' dir='ltr'><strong>ipsorum</strong></span> <span class='ocrx_word' id='word_1_221' title='bbox 1140 3296 1621 3372; x_wconf 83' lang='lat' dir='ltr'><strong>immundorum</strong></span> <span class='ocrx_word' id='word_1_222' title='bbox 1653 3290 2027 3382; x_wconf 77' lang='lat' dir='ltr'><strong>spirituum3</strong></span> <span class='ocrx_word' id='word_1_223' title='bbox 2061 3311 2133 3353; x_wconf 83' lang='lat' dir='ltr'><strong>ac</strong></span> <span class='ocrx_word' id='word_1_224' title='bbox 2168 3291 2396 3359; x_wconf 69' lang='lat' dir='ltr'><strong>volunt</strong></span> 
     </span>
     <span class='ocr_line' id='line_1_28' title="bbox 353 3392 2396 3487; baseline -0.006 -12"><span class='ocrx_word' id='word_1_225' title='bbox 353 3430 502 3474; x_wconf 88' lang='lat' dir='ltr'><strong>sane</strong></span> <span class='ocrx_word' id='word_1_226' title='bbox 538 3427 866 3473; x_wconf 86' lang='lat' dir='ltr'><strong>sermones</strong></span> <span class='ocrx_word' id='word_1_227' title='bbox 903 3403 1143 3470; x_wconf 85' lang='lat' dir='ltr'><strong>habere</strong></span> <span class='ocrx_word' id='word_1_228' title='bbox 1193 3404 1273 3467; x_wconf 89' lang='lat' dir='ltr'><strong>de</strong></span> <span class='ocrx_word' id='word_1_229' title='bbox 1318 3399 1596 3487; x_wconf 82' lang='lat' dir='ltr'><strong>justitia,</strong></span> <span class='ocrx_word' id='word_1_230' title='bbox 1647 3418 1798 3463; x_wconf 88' lang='lat' dir='ltr'><strong>cum</strong></span> <span class='ocrx_word' id='word_1_231' title='bbox 1843 3415 2040 3481; x_wconf 81' lang='lat' dir='ltr'><strong>opera</strong></span> <span class='ocrx_word' id='word_1_232' title='bbox 2081 3392 2213 3484; x_wconf 78' lang='lat' dir='ltr'><strong>ipsa</strong></span> <span class='ocrx_word' id='word_1_233' title='bbox 2260 3413 2396 3462; x_wconf 81' lang='lat' dir='ltr'><strong>non</strong></span> 
     </span>
    </p>

    <p class='ocr_par' dir='ltr' id='par_1_4' title="bbox 312 3514 2399 4134">
     <span class='ocr_line' id='line_1_29' title="bbox 352 3514 693 3604; baseline -0.003 -24"><span class='ocrx_word' id='word_1_234' title='bbox 352 3514 693 3604; x_wconf 80' lang='lat' dir='ltr'><strong>attigerint.</strong></span> 
     </span>
     <span class='ocr_line' id='line_1_30' title="bbox 312 3596 2396 3699; baseline -0.007 -13"><span class='ocrx_word' id='word_1_235' title='bbox 312 3596 329 3617; x_wconf 30' lang='grc' dir='ltr'><em>ί</em></span> <span class='ocrx_word' id='word_1_236' title='bbox 442 3619 527 3685; x_wconf 87' lang='lat' dir='ltr'><strong>X.</strong></span> <span class='ocrx_word' id='word_1_237' title='bbox 586 3616 1153 3699; x_wconf 86' lang='lat' dir='ltr'><strong>Quemadmodum</strong></span> <span class='ocrx_word' id='word_1_238' title='bbox 1199 3610 1370 3677; x_wconf 89' lang='lat' dir='ltr'><strong>enim</strong></span> <span class='ocrx_word' id='word_1_239' title='bbox 1422 3606 1563 3673; x_wconf 86' lang='lat' dir='ltr'><strong>fieri</strong></span> <span class='ocrx_word' id='word_1_240' title='bbox 1616 3628 1746 3672; x_wconf 90' lang='lat' dir='ltr'><strong>non</strong></span> <span class='ocrx_word' id='word_1_241' title='bbox 1792 3616 2038 3693; x_wconf 85' lang='lat' dir='ltr'><strong>potest,</strong></span> <span class='ocrx_word' id='word_1_242' title='bbox 2085 3617 2160 3670; x_wconf 86' lang='lat' dir='ltr'><strong>nt</strong></span> <span class='ocrx_word' id='word_1_243' title='bbox 2200 3604 2396 3693; x_wconf 76' lang='lat' dir='ltr'><strong>piscis</strong></span> 
     </span>
     <span class='ocr_line' id='line_1_31' title="bbox 358 3708 2398 3810; baseline -0.007 -21"><span class='ocrx_word' id='word_1_244' title='bbox 358 3722 593 3808; x_wconf 76' lang='lat' dir='ltr'><strong>absque</strong></span> <span class='ocrx_word' id='word_1_245' title='bbox 623 3746 782 3810; x_wconf 84' lang='lat' dir='ltr'><strong>aqua</strong></span> <span class='ocrx_word' id='word_1_246' title='bbox 800 3723 998 3788; x_wconf 77' lang='lat' dir='ltr'><strong>vitam</strong></span> <span class='ocrx_word' id='word_1_247' title='bbox 1030 3722 1260 3793; x_wconf 86' lang='lat' dir='ltr'><strong>ducat,</strong></span> <span class='ocrx_word' id='word_1_248' title='bbox 1294 3725 1400 3782; x_wconf 89' lang='lat' dir='ltr'><strong>aut</strong></span> <span class='ocrx_word' id='word_1_249' title='bbox 1424 3715 1663 3800; x_wconf 80' lang='lat' dir='ltr'><strong>absque</strong></span> <span class='ocrx_word' id='word_1_250' title='bbox 1693 3712 1962 3802; x_wconf 83' lang='lat' dir='ltr'><strong>pedibus</strong></span> <span class='ocrx_word' id='word_1_251' title='bbox 1986 3708 2209 3795; x_wconf 87' lang='lat' dir='ltr'><strong>aliquis</strong></span> <span class='ocrx_word' id='word_1_252' title='bbox 2240 3720 2398 3797; x_wconf 81' lang='lat' dir='ltr'><strong>pro·-</strong></span> 
     </span>
     <span class='ocr_line' id='line_1_32' title="bbox 354 3807 2398 3917; baseline -0.005 -26"><span class='ocrx_word' id='word_1_253' title='bbox 354 3825 704 3917; x_wconf 80' lang='lat' dir='ltr'><strong>grediatur.</strong></span> <span class='ocrx_word' id='word_1_254' title='bbox 722 3840 847 3891; x_wconf 28' lang='lat' dir='ltr'><strong>aaut</strong></span> <span class='ocrx_word' id='word_1_255' title='bbox 879 3826 1118 3913; x_wconf 85' lang='lat' dir='ltr'><strong>absque</strong></span> <span class='ocrx_word' id='word_1_256' title='bbox 1156 3821 1359 3889; x_wconf 89' lang='lat' dir='ltr'><strong>oeulis</strong></span> <span class='ocrx_word' id='word_1_257' title='bbox 1387 3823 1607 3888; x_wconf 87' lang='lat' dir='ltr'><strong>lumen</strong></span> <span class='ocrx_word' id='word_1_258' title='bbox 1644 3816 1989 3890; x_wconf 83' lang='lat' dir='ltr'><strong>intueatur,</strong></span> <span class='ocrx_word' id='word_1_259' title='bbox 2019 3824 2129 3883; x_wconf 79' lang='lat' dir='ltr'><strong>aut</strong></span> <span class='ocrx_word' id='word_1_260' title='bbox 2156 3807 2398 3902; x_wconf 77' lang='lat' dir='ltr'><strong>ab‘sq‘uo</strong></span> 
     </span>
     <span class='ocr_line' id='line_1_33' title="bbox 353 3919 2399 4023; baseline -0.007 -21"><span class='ocrx_word' id='word_1_261' title='bbox 353 3933 563 4023; x_wconf 83' lang='lat' dir='ltr'><strong>lingua</strong></span> <span class='ocrx_word' id='word_1_262' title='bbox 611 3932 908 4018; x_wconf 84' lang='lat' dir='ltr'><strong>loquatur</strong></span> <span class='ocrx_word' id='word_1_263' title='bbox 927 3979 946 4005; x_wconf 89' lang='lat'>,</span> <span class='ocrx_word' id='word_1_264' title='bbox 984 3942 1093 3997; x_wconf 85' lang='lat' dir='ltr'><strong>aut</strong></span> <span class='ocrx_word' id='word_1_265' title='bbox 1128 3930 1369 4018; x_wconf 79' lang='lat' dir='ltr'><strong>absque</strong></span> <span class='ocrx_word' id='word_1_266' title='bbox 1400 3920 1908 3997; x_wconf 80' lang='lat' dir='ltr'><strong>auribus‘audiat</strong></span> <span class='ocrx_word' id='word_1_267' title='bbox 1945 3944 1961 3984; x_wconf 75' lang='grc' dir='ltr'><strong>ε</strong></span> <span class='ocrx_word' id='word_1_268' title='bbox 2003 3919 2095 3989; x_wconf 79' lang='lat' dir='ltr'><strong>sie</strong></span> <span class='ocrx_word' id='word_1_269' title='bbox 2133 3938 2399 4012; x_wconf 76' lang='lat' dir='ltr'><strong>quoquo</strong></span> 
     </span>
     <span class='ocr_line' id='line_1_34' title="bbox 420 4069 872 4134; baseline -0.011 -13"><span class='ocrx_word' id='word_1_270' title='bbox 420 4085 440 4111; x_wconf 63' lang='grc' dir='ltr'>υ</span> <span class='ocrx_word' id='word_1_271' title='bbox 475 4087 493 4121; x_wconf 83' lang='grc' dir='ltr'><strong><em>ι</em></strong></span> <span class='ocrx_word' id='word_1_272' title='bbox 516 4069 690 4124; x_wconf 75' lang='lat' dir='ltr'><strong>Thess.</strong></span> <span class='ocrx_word' id='word_1_273' title='bbox 713 4083 765 4131; x_wconf 80' lang='grc' dir='ltr'><strong>ν,</strong></span> <span class='ocrx_word' id='word_1_274' title='bbox 797 4081 872 4134; x_wconf 67' lang='lat'><strong>¹9·</strong></span> 
     </span>
    </p>
   </div>
  </div>
 </body>
</html>
