2982 4885
604 548 689 616 36
1275 561 1325 603 s.
1379 554 1645 605 uacum
1692 548 1966 600 merri-11

600 709 755 762 nus,
782 694 847 748 et
869 704 903 747 a
924 677 1162 745 malitia
1180 725 1200 754 ,
1224 698 1349 764 qua
1379 687 1477 741 est
1498 673 1822 763 inquinata
1845 720 1862 746 ,
1887 691 2003 758 per
2031 652 2203 731 illam
2234 661 2644 731 dilectionem

604 787 877 880 Spiritus
905 781 1294 851 sanctificata
1314 780 1535 855 suerit,
1561 791 1627 845 et
1647 777 1765 843 nisi
1806 774 1887 841 ad
1916 773 2110 840 finem
2140 793 2344 858 usque
2364 821 2381 846 ,
2411 770 2645 858 absque

605 899 754 966 labe
781 908 848 961 et
883 890 1305 966 offendiculo,
1339 888 1404 953 in
1436 886 1735 952 omnibus
1779 878 2091 949 mandatis
2124 878 2264 967 ejus
2317 877 2651 966 diligenter

490 1014 497 1027 ‘
608 1002 837 1072 versati
874 993 1483 1089 perseveraverimus
1505 1041 1524 1070 ‚
1563 994 1822 1059 coeleste
1858 1007 2130 1077 reguum
2168 985 2472 1073 consequi
2523 1005 2649 1049 non

608 1106 976 1201 poterimus.
1843 1169 1852 1189 ς

698 1210 815 1283 ΙΧ.
870 1208 1063 1297 Atqui
1101 1204 1393 1272 subtilius
1443 1216 1511 1270 et
1560 1200 1936 1291 profundius
1980 1219 2096 1288 pro
2145 1218 2444 1263 concessa
2494 1196 2650 1262 mihi

612 1317 913 1385 facultate
953 1312 1277 1379 disseram.
1325 1297 1734 1398 Quapropter
1774 1316 2013 1371 attente
2049 1301 2281 1369 audite.
2318 1299 2647 1379 Infinitus,

615 1422 973 1488 inaccessus
1009 1430 1075 1483 et
1111 1416 1430 1481 increatus
1467 1414 1641 1481 Deus
1662 1461 1681 1488 ,
1715 1433 1947 1501 corpus
1986 1409 2355 1499 assumpsit,
2392 1421 2653 1499 propter

615 1528 992 1593 immensam
1024 1536 1090 1589 et
1127 1521 1513 1588 ineffabilem
1543 1518 1896 1585 bonitatem
1943 1539 2159 1600 suam,
2198 1500 2299 1592 et,
2328 1528 2402 1581 ut
2432 1517 2516 1582 ita
2554 1519 2655 1583 lo·-

615 1656 806 1722 quar,
846 1631 1020 1697 velut
1059 1626 1383 1693 imminuit
1435 1648 1502 1691 se
1548 1626 1758 1713 ipsum
1804 1625 1884 1690 ab
1931 1623 2250 1689 inaccessa
2296 1621 2531 1710 gloria,
2584 1633 2654 1687 ut

617 1737 788 1803 uniri
815 1745 1026 1823 posset
1055 1731 1409 1796 visibilibus
1439 1730 1570 1795 suis
1595 1729 1936 1805 creaturis,
1975 1728 2169 1795 veluti
2213 1728 2433 1793 animis
2455 1727 2653 1793 Sanc-

620 1856 836 1909 torum
885 1850 951 1904 et
995 1836 1425 1924 Angelorum,
1460 1847 1535 1900 ut
1576 1834 1820 1923 possint
1871 1835 2011 1901 vitae
2053 1834 2279 1901 divinae
2323 1832 2655 1923 participes

620 1945 778 2013 fieri.
831 1942 1343 2029 Unumquodque
1394 1941 1568 2006 enim
1623 1939 1857 2006 horum
1879 1990 1898 2016 ,
1962 1943 2315 2007 secundum
2369 1954 2658 2006 naturam

623 2073 804 2117 suam
835 2069 1069 2136 corpus
1098 2057 1193 2111 est
1232 2046 1323 2134 (1)
1351 2094 1369 2121 ,
1405 2045 1683 2134 Angelus
1715 2045 1996 2121 scilicet,
2032 2045 2237 2112 anima
2261 2058 2327 2112 et
2359 2046 2604 2110 daemon
2631 2067 2649 2109 ε

622 2154 909 2245 quamvis
939 2151 1111 2218 enim
1148 2148 1401 2216 subtilia
1423 2151 1578 2227 sint,
1616 2162 1830 2216 tamen
1863 2151 1928 2216 in
1954 2151 2336 2228 substantia,
2369 2150 2571 2216 forma
2593 2163 2660 2215 et

618 2274 685 2328 et
721 2258 921 2351 figura
955 2256 1308 2324 secundum
1360 2256 1732 2322 tenuitatem
1776 2267 2020 2322 naturae
2074 2278 2334 2332 eorum,
2391 2276 2657 2345 corpora

605 2378 774 2432 -sunt
803 2362 1017 2430 tenuia
1046 2384 1061 2427 ε
1089 2362 1628 2452 quemadmodum
1650 2410 1669 2437 ‚
1703 2373 1770 2427 et
1789 2360 1916 2433 hoc
1945 2383 2176 2451 corpus
2209 2359 2274 2426 in
2312 2359 2659 2427 substantia

625 2495 737 2539 sua
762 2491 1042 2537 crassum
1073 2479 1137 2533 et
1167 2468 1439 2556 solidum
1473 2479 1589 2534 est.
1629 2466 1734 2533 Sic
1757 2480 1824 2534 et
1861 2468 2067 2533 anima
2095 2467 2340 2534 subtilis
2370 2488 2520 2532 cum
2553 2467 2656 2542 sit,

621 2574 1108 2666 comprehendit
1134 2574 1202 2638 in
1234 2597 1301 2639 se
1332 2576 1629 2649 oculum,
1660 2597 1777 2662 per
1803 2597 1996 2662 quem
2024 2556 2235 2650 viden
2264 2595 2481 2640 aurem
2503 2622 2522 2649 ‚
2548 2594 2663 2660 per

628 2703 821 2771 quam
859 2679 1083 2744 audit:
1126 2676 1412 2743 similiter
1454 2689 1523 2742 et
1567 2677 1876 2767 linguam,
1912 2702 2030 2769 per
2067 2702 2259 2767 quam
2304 2699 2662 2745 sermonem

628 2783 905 2875 profert:
946 2803 1209 2856 manus,
1245 2792 1311 2844 et
1345 2780 1413 2846 in
1449 2803 1698 2848 summa
1732 2796 1940 2851 totum
1982 2807 2251 2874 eorpus,
2284 2798 2350 2851 et
2377 2785 2663 2851 membra

629 2890 771 2978 ejus
802 2885 1232 2975 complectens
1265 2885 1509 2963 anima,
1548 2890 1995 2956 commiscetur
2026 2913 2175 2956 cum
2207 2913 2320 2967 eo,
2357 2913 2472 2980 per
2495 2890 2666 2979 quod

629 3017 849 3064 omnes
873 2991 1065 3080 hujus
1090 2990 1368 3058 actiones
1400 3014 1513 3058 seu
1548 3015 1740 3082 opera
1770 2995 1902 3060 edit
1929 3000 2000 3060 et
2028 3008 2301 3062 exercet.

717 3102 803 3168 X.
847 3098 1093 3164 Eodem
1116 3097 1307 3163 modo
1338 3098 1540 3175 Deus,
1560 3100 1669 3187 qui
1693 3098 1850 3166 fines
1874 3114 1939 3166 et
1963 3101 2355 3169 intellectum
2381 3112 2666 3167 nostrum

633 3207 823 3292 longe
860 3203 1283 3279 transcendit,
1320 3226 1437 3291 per
1479 3203 1826 3272 bonitatem
1862 3229 2040 3272 suam
2059 3255 2077 3283 ,
2112 3230 2178 3272 se
2208 3207 2414 3296 ipsum
2451 3207 2668 3272 exina-

628 3309 820 3384 nivit,
865 3320 935 3374 et
978 3307 1184 3374 induit
1232 3310 1521 3375 membra
1561 3310 1845 3399 corporis
1899 3300 2126 3399 hujus»,
2182 3324 2248 3378 et
2291 3312 2551 3377 retraxit
2599 3331 2667 3375 se

630 3412 838 3502 ipsum
865 3414 946 3479 ab
969 3412 1288 3479 inaccessa
1320 3414 1521 3500 gloria
1550 3438 1566 3480 ε
1605 3437 1678 3480 ac
1701 3439 1815 3505 per
1835 3417 2342 3483 benevolentiam
2364 3430 2431 3483 et
2452 3417 2671 3483 buma-

632 3516 897 3583 nitatem
937 3539 1155 3594 suam,
1197 3530 1615 3587 transmutata
1652 3520 1854 3587 forma
1876 3572 1895 3600 ,
1939 3523 2274 3613 assumpsit
2308 3545 2573 3612 corpus,
2607 3532 2672 3585 et

630 3622 1105 3706 commiscetur,
1139 3635 1328 3712 atque
1357 3627 1621 3694 assumit
1652 3628 1892 3693 animas
1922 3643 2170 3696 sanctas
2189 3628 2308 3695 sibi
2347 3632 2537 3717 quam
2571 3647 2672 3691 ac-

631 3739 847 3817 ceptas
878 3739 943 3792 et
966 3725 1220 3804 fideles,
1252 3740 1318 3794 et
1351 3727 1425 3796 fit
1456 3752 1608 3796 cum
1641 3731 1731 3797 eis
1765 3760 1791 3792 ι
1819 3733 1992 3798 Unus
2029 3733 2336 3823 Spiritus,
2364 3760 2389 3793 ι
2437 3753 2676 3797 secun-

628 3838 784 3902 dum
825 3826 1069 3900 dictum
1106 3834 1325 3900 Pauli:
1364 3836 1613 3914 anima,
1649 3851 1723 3904 ut
1772 3839 1857 3905 ita
1897 3840 2155 3929 loquar,
2201 3837 2412 3906 evadit
2439 3836 2507 3903 in
2543 3836 2675 3904 ani·

625 3961 840 4012 mam,
880 3950 946 4004 et
994 3938 1344 4007 substantia
1394 3942 1460 4008 in
1506 3942 1963 4021 substantiam,
2008 3958 2081 4012 ut
2115 3945 2316 4035 possit
2357 3943 2563 4011 anima
2602 3942 2671 4007 in

620 4043 897 4120 novitate
926 4043 1173 4123 vivere,
1210 4058 1277 4116 et
1319 4045 1746 4120 immortalem
1780 4051 1975 4122 vitam
2001 4051 2237 4121 sentire
2261 4100 2281 4129 ‚
2314 4072 2388 4119 ac
2419 4062 2671 4120 aeternae
