2982 4885
190 4491 603 4760 Ἥ

623 501 749 588 ⁴7²
1287 518 1525 561 aecum
1572 517 1956 560 emanans.

622 635 972 708 tristitiam,
1036 645 1145 697 aut
1197 634 1326 720 ipse
1373 633 1741 720 pra-positus
1802 642 2018 694 contra
2067 628 2331 696 fratrem
2386 635 2661 721 aliquam

619 737 1080 827 querimoniam
1106 763 1124 812 ;
1173 738 1451 824 probatae
1485 735 1708 799 fratres
1742 735 2233 800 conversationis
2266 751 2333 802 et
2371 737 2520 804 fidei
2552 763 2657 805 eos

621 846 839 909 audire
866 845 1102 908 debent
1122 892 1140 919 ,
1177 856 1241 907 et
1267 843 1710 929 dijudicabunt
1738 843 1900 905 inter
1927 866 2054 905 cos.
2093 841 2160 907 Si
2195 836 2405 908 tamen
2433 847 2654 909 absens

619 963 714 1015 est
737 962 917 1037 pater
940 948 1306 1013 monasterii
1342 950 1435 1011 vel
1458 947 1691 1011 alicubi
1722 946 2069 1035 profectus,
2098 948 2376 1035 primum
2399 950 2652 1037 quidem

619 1054 1044 1142 expectabunt
1092 1075 1241 1117 eum
1273 1075 1289 1117 z
1326 1053 1417 1116 sin
1454 1063 1663 1116 autem
1704 1051 1939 1115 diutius
1976 1050 2192 1115 vident
2238 1052 2387 1117 soris
2435 1055 2655 1117 demo-

621 1158 744 1223 rari
769 1208 784 1232 ,
837 1171 991 1223 tunc
1026 1158 1283 1222 audient
1312 1157 1494 1221 ‘inter
1527 1155 1929 1245 praepositum
1970 1167 2034 1220 et
2075 1156 2326 1220 fratrem
2349 1183 2368 1230 3
2417 1180 2496 1220 ne
2541 1156 2652 1219 diu

622 1248 926 1352 suspenso
959 1262 1199 1351 judicio
1224 1262 1470 1327 tristitia
1497 1262 1699 1348 major
1732 1262 1972 1325 oriatur
1984 1287 2003 1336 ;
2035 1273 2108 1325 ut
2137 1275 2198 1326 et
2235 1262 2333 1326 ille
2358 1260 2463 1348 qui
2494 1284 2645 1348 prze-

624 1369 864 1457 positus
906 1381 1023 1441 est,
1066 1381 1131 1432 et
1155 1368 1258 1432 ille
1282 1367 1391 1454 qui
1421 1366 1746 1453 subjectus
1771 1379 1913 1440 est,
1957 1378 2021 1431 et
2067 1366 2154 1431 illi
2201 1368 2307 1452 qui
2342 1367 2645 1441 audiunt,

623 1471 799 1560 juxta
845 1473 1141 1537 timorem
1188 1472 1304 1537 Dei
1350 1483 1582 1549 cuncta
1629 1470 1902 1546 faciant,
1956 1483 2022 1535 et
2060 1493 2185 1535 non
2237 1473 2388 1535 dent
2419 1471 2483 1535 in
2524 1472 2652 1536 ullo

628 1576 1031 1641 occasionem
1052 1576 1400 1641 discordiae.

712 1680 923 1746 XXII.
979 1681 1200 1746 Nullus
1218 1680 1506 1745 mittatur
1535 1679 1699 1746 foras
1727 1682 1806 1745 ad
1829 1680 2082 1767 aliquod
2112 1682 2440 1768 negotium
2465 1684 2646 1747 solus.

623 1785 792 1851 Missi
834 1806 986 1849 vero
1031 1806 1159 1848 non
1194 1783 1457 1870 singuli,
1516 1785 1627 1847 sed
1667 1783 1801 1847 bini
1842 1787 1940 1849 vel
1980 1785 2144 1849 terni
2183 1785 2559 1861 ambulentt,
2587 1799 2656 1850 ut

610 1891 779 1954 ‘dum
827 1911 894 1952 se
938 1887 1210 1952 invicem
1251 1889 1622 1953 custodiunt
1669 1900 1734 1951 et
1775 1891 2180 1974 consolantur
2205 1938 2222 1964 ,
2276 1901 2339 1954 et
2378 1890 2650 1954 seniores

625 2014 847 2058 eorum
888 1993 965 2057 de
990 1992 1255 2056 honesta
1285 2013 1512 2056 eorum
1536 1993 2015 2058 conversatione
2047 1994 2246 2058 securi
2267 1994 2385 2058 sint
2404 2044 2420 2067 ,
2462 2007 2525 2058 et
2557 1993 2649 2059 illi

628 2117 753 2160 non
788 2095 1248 2184 periclitentur.
1294 2095 1719 2161 observantes
1750 2109 1961 2162 tamen
1996 2098 2155 2173 hoc,
2203 2111 2272 2161 ut
2299 2120 2423 2161 non
2463 2121 2529 2162 se
2560 2097 2654 2161 in-

627 2198 831 2265 vicem
860 2199 1087 2265 sabulis
1127 2200 1423 2268 inanibus
1453 2202 1815 2275 destruant,
1850 2224 2053 2289 neque
2089 2202 2474 2290 negligentiae
2507 2194 2659 2266 d‘ent

625 2306 838 2371 locum
863 2306 1310 2373 destructionis
1326 2332 1345 2382 ς
1374 2308 1485 2371 sed
1516 2306 1946 2393 unusquisque
1977 2307 2043 2399 in
2070 2320 2216 2371 actu
2245 2329 2361 2371 suo
2386 2319 2658 2399 attentus

624 2412 706 2479 sit
728 2464 744 2486 .
776 2426 968 2501 prout
1001 2427 1257 2503 tempus
1289 2412 1499 2482 suerit.
1551 2440 1560 2448 ·

716 2517 959 2583 XXIII.
1009 2520 1283 2599 Quando
1315 2532 1527 2584 autem
1553 2519 1786 2588 reversi
1809 2517 2045 2588 fuerint
2068 2519 2130 2583 in
2165 2519 2614 2585 monasterium
2638 2569 2656 2596 ,

626 2621 680 2686 si
719 2633 864 2686 ante
905 2607 1445 2688 ostiumrviderint
1493 2624 1768 2711 aliquem
1806 2636 2194 2710 quaerentem
2232 2646 2494 2689 suorum
2529 2622 2657 2688 affi-

628 2725 841 2800 nium,
879 2726 958 2789 de
987 2725 1086 2789 his
1119 2726 1229 2813 qui
1269 2726 1332 2790 in
1369 2728 1755 2793 monasterio
1788 2741 2289 2804 commorantur,
2328 2750 2456 2793 non
2495 2731 2661 2793 vale-

631 2829 793 2892 bunt
839 2828 930 2892 ire
969 2829 1049 2892 ad
1091 2851 1238 2894 eum
1262 2879 1280 2904 ,
1320 2844 1386 2896 et
1430 2832 1765 2907 nuntiare,
1811 2834 1910 2897 vel
1941 2854 2225 2897 evocare.
2285 2833 2365 2898 Et
2404 2832 2658 2897 omnino

630 2931 937 3019 quidquid
965 2932 1115 2998 soris
1152 2933 1491 3022 gesserint,
1540 2938 1602 3002 in
1635 2937 2019 3002 monasterio
2050 2960 2309 3002 narrare
2338 2959 2462 3001 non
2488 2957 2654 3023 prae-

633 3049 906 3102 sumant.

718 3141 957 3210 XXIV.
1011 3143 1325 3230 Omnibus
1356 3146 1479 3211 erit
1515 3160 1793 3235 potestas
1825 3147 2078 3236 legendi
2101 3172 2302 3235 usque
2333 3149 2421 3233 ad
2439 3146 2664 3213 horam

632 3249 881 3315 tertiam
935 3272 949 3313 :
992 3248 1041 3314 si
1092 3262 1302 3314 tamen
1344 3253 1516 3315 nulla
1563 3273 1751 3315 causa
1785 3252 2098 3348 extiterit,
2138 3274 2261 3337 qua
2301 3275 2559 3317 necesse
2588 3252 2669 3315 sit

631 3355 821 3420 etiam
856 3354 1092 3442 aliquid
1119 3353 1276 3420 fieri.
1307 3355 1460 3421 Post
1481 3355 1707 3420 horam
1734 3378 1886 3422 vero
1910 3357 2161 3422 tertiam
2185 3356 2233 3420 si
2263 3379 2403 3442 quae
2435 3368 2671 3422 statuta

632 3473 803 3536 sunt,
832 3461 996 3526 sicut
1027 3461 1331 3550 scriptum
1361 3472 1480 3535 est,
1519 3483 1632 3548 per
1659 3461 2044 3549 superbiam,
2072 3464 2171 3527 vel
2196 3460 2667 3546 negligentiam,

636 3566 735 3631 vel
772 3566 1073 3631 desidiam
1110 3563 1607 3634 intercedentem
1639 3589 1769 3630 non
1799 3567 2205 3641 custodierit,
2237 3564 2392 3629 sciat
2414 3586 2480 3628 se
2510 3585 2671 3630 cnm

635 3670 700 3734 in
760 3669 880 3735 hoc
929 3691 1144 3735 errore
1189 3668 1620 3757 deprehensus
1663 3670 1851 3735 fuerit
1877 3720 1895 3745 ,
1945 3671 2326 3758 culpabilem
2373 3667 2677 3753 judican-

634 3775 788 3837 dum
812 3818 829 3843 ,
861 3774 1001 3857 qnia
1038 3796 1147 3859 per
1174 3796 1358 3837 suum
1392 3796 1682 3838 errorem
1712 3787 1778 3841 et
1804 3773 1956 3839 alios
1991 3775 2056 3838 in
2080 3774 2307 3838 >vitium
2337 3772 2551 3837 mittit.

648 3927 653 3936 .
724 3875 928 3942 XXV.
986 3877 1235 3943 Cellarii
1263 3901 1413 3944 vero
1446 3901 1598 3944 cura
1624 3879 1706 3944 sit
1726 3929 1744 3955 ,
1772 3893 1844 3944 ut
1871 3879 2320 3945 abstinentiam
2340 3891 2407 3944 et
2430 3877 2682 3943 sobrie-

637 3992 832 4046 tatem
869 3983 1127 4047 studens
1161 4034 1179 4059 ,
1219 3984 1389 4051 illata
1432 3985 1499 4052 in
1535 3985 1919 4052 monasterio
1964 3987 2045 4051 ad
2081 3997 2374 4074 sumptus
2404 3983 2684 4050 fratrum
