2982 4885
1134 267 1165 278 .,.,

1115 467 1376 544 nonius
1423 486 1524 544 xv.
2221 486 2349 568 ως

306 627 433 691 tat,
468 634 596 681 non
628 611 855 678 statim·
879 611 1168 700 percepit
1202 610 1509 678 fructum.
1557 607 1803 675 Eodem
1838 609 2034 674 modo
2068 607 2132 674 in
2176 609 2355 702 spiri-

314 720 591 787 tualibus
637 739 892 806 quoque
928 766 946 793 ,
1000 717 1114 782 ubi
1165 729 1339 782 tanta
1382 715 1689 806 sapientia
1733 726 1798 781 et
1851 715 2162 781 subtilitas
2205 729 2302 784 est
2330 766 2353 794 .

313 826 617 916 paulatim
647 822 840 890 homo
871 823 1274 911 progreditur
1297 874 1315 898 ‚
1359 852 1383 883 ι
1402 823 1755 910 Evaditque
1779 822 1844 887 in
1865 821 2072 888 virum
2106 823 2359 914 persec-

318 963 343 994 ι
364 944 520 1007 tum,
543 942 607 995 et
621 928 1082 1018 plenitudinem
1099 929 1329 995 aetatis¹
1346 980 1365 1005 ,
1391 958 1415 989 n
1434 931 1682 1006 non‚'ut
1702 927 1960 1016 quidem
1987 928 2185 1006 aiunt,
2208 957 2235 992 ι
2263 931 2363 996 In-

318 1065 345 1100 »
362 1039 557 1103 duere
584 1047 650 1101 et
680 1055 930 1101 exuere.
962 1061 990 1094 ο

404 1140 547 1208 XLI
556 1141 601 1204 1.
628 1139 761 1219 Qui
787 1138 1027 1206 litteras
1047 1139 1291 1205 discere
1312 1139 1378 1203 in
1400 1138 1563 1204 votis
1585 1137 1777 1204 habet
1798 1187 1818 1214 ,
1853 1136 2062 1227 pergit
2083 1138 2364 1228 primum

323 1247 404 1312 ad
433 1247 768 1312 ediscenda
799 1244 971 1334 signa
994 1245 1171 1311 ⁴aubi
1202 1246 1253 1310 si
1284 1243 1527 1333 primns
1560 1242 1752 1308 fuerit
1777 1291 1795 1318 ‚
1826 1244 2029 1333 pergit
2062 1245 2142 1311 ad
2174 1244 2366 1311 scho-

322 1351 451 1419 lam
476 1351 851 1418 Latinorum
871 1400 889 1427 ,
924 1363 1147 1438 estque
1171 1351 1460 1416 omnium
1483 1348 1765 1414 ultimus.
1795 1346 2070 1416 Rursum
2100 1349 2228 1416 illic
2259 1350 2376 1415 uhi

326 1456 514 1521 fuerit
546 1458 791 1544 primus
810 1499 837 1531 ,-
864 1457 1070 1542 pergit
1113 1457 1193 1518 ad
1227 1454 1512 1519 scholam
1544 1453 1860 1517 sorensem
1879 1502 1897 1526 ,
1951 1443 2173 1540 estque
2204 1454 2269 1518 in
2299 1478 2378 1521 ea

329 1578 586 1622 rursum
622 1557 910 1621 omnium
950 1555 1220 1619 ultimus·
1238 1566 1303 1619 et
1336 1556 1476 1620 tiro.
1526 1555 1773 1620 Deinde
1802 1554 1909 1620 ubi
1948 1555 2140 1621 fuerit
2183 1557 2378 1623 scho-

332 1660 591 1728 lasticus
618 1709 636 1736 ‚
684 1660 971 1724 omnium
1022 1658 1491 1725 causidicorum
1543 1672 1640 1725 est
1676 1655 2068 1727 novitiusr'et‘
2087 1661 2368 1730 ultimus.

331 1767 560 1834 Denuo
602 1767 714 1830 ubi
758 1766 886 1830 illic
932 1764 1199 1830 evaserit
1231 1765 1475 1852 primus
1503 1813 1522 1840 ,
1560 1777 1699 1832 tum
1732 1765 1860 1830 dux
1894 1765 2147 1842 evadit:
2185 1768 2382 1855 quisi

334 1873 764 1964 principatum
790 1876 1054 1962 adeptus
1085 1871 1307 1946 suerit,
1337 1871 1694 1958 adjutorem
1727 1872 1845 1937 sibi
1871 1872 2066 1940 sumit
2100 1897 2379 1941 assesso-

334 2002 488 2045 rem.
534 1979 600 2045 Si
639 1999 791 2068 ergo
835 1980 898 2044 in
935 1980 1126 2044 rebus
1162 1977 1439 2043 externis
1483 1989 1577 2043 tot
1614 1977 1807 2043 habet
1842 1977 2037 2044 homo
2081 2002 2380 2070 progres-

336 2107 520 2150 suum
576 2087 810 2173 gradus
841 2107 857 2149 ε
893 2097 1132 2173 quanto
1185 2084 1384 2172 magis
1437 2082 1716 2150 coelestia
1749 2074 2076 2171 'mysteria
2136 2085 2376 2153 habent

335 2191 690 2280 profectus,
722 2204 788 2255 et
818 2208 932 2279 per
957 2192 1189 2254 multos
1224 2191 1453 2275 gradus
1475 2189 1944 2260 incrementum
1982 2202 2274 2267 sumunt:
2309 2205 2377 2258 et

339 2308 478 2359 tum
505 2341 521 2366 ,
550 2294 657 2378 qui
688 2316 803 2377 per
824 2296 1056 2356 multas
1091 2291 1573 2356 exercitationes
1595 2339 1613 2365 ,
1643 2305 1707 2356 et
1730 2317 1846 2380 per
1879 2297 2074 2359 multa
2098 2297 2388 2384 pericula⁸

344 2395 845 2470 transcenderit,
881 2396 1200 2481 perfectus
1239 2394 1470 2458 evadit.
1516 2391 1854 2459 Christiani
1891 2397 2096 2474 enim,
2129 2400 2239 2487 qui
2273 2424 2379 2467 re-

343 2524 495 2569 vera
541 2510 797 2589 gustum
853 2498 1066 2587 gratiae
1113 2509 1574 2588 perceperunt,
1636 2511 1702 2565 et
1746 2498 2000 2587 signum
2057 2504 2264 2568 crucis
2314 2503 2380 2572 in

343 2617 560 2675 mente
590 2616 657 2670 et
687 2606 878 2670 corde
908 2603 1185 2679 habent,
1230 2603 1295 2670 hi
1327 2627 1361 2669 a
1388 2603 1660 2694 regibus
1675 2605 1754 2670 ad
1787 2628 2097 2693 pauperes
2133 2631 2376 2711 usque,

348 2733 472 2802 pro
494 2722 772 2776 stercore
803 2722 867 2775 et
888 2709 1112 2775 foetore
1134 2722 1434 2799 reputant
1457 2710 1715 2776 omnia.
1743 2723 1803 2776 et
1830 2709 1896 2776 hi
1919 2727 2183 2801 possunt
2206 2713 2384 2784 intel-

347 2819 544 2906 ligere
584 2817 939 2889 universum
972 2817 1283 2882 mundum
1306 2829 1667 2893 terrenum,
1695 2802 2172 2909 thesaurosque
2182 2823 2378 2914 regis,

347 2944 500 3045 opes
520 2974 536 3000 ,
577 2923 842 3012 gloriam
867 2946 942 2989 ac
973 2923 1293 3012 sapientiae
1326 2924 1576 3011 eloquia
1597 2972 1614 2999 ,
1646 2936 1972 2991 externam
2015 2930 2209 2994 modo
2245 2954 2385 3019 spe·

348 3030 510 3094 ciem
552 3031 635 3094 de
661 3050 727 3095 se
763 3030 1086 3118 praebere,
1129 3050 1251 3094 nec
1278 3027 1517 3093 habere
1554 3027 1823 3094 solidum
1854 3029 2381 3115 fundamentum,

348 3137 460 3200 sed
479 3135 801 3223 praeterire
833 3158 905 3202 ac
937 3155 1329 3202 evanescere.
1370 3132 1452 3200 Et
1470 3133 1784 3224 quidquid
1814 3134 1932 3202 sub
1956 3137 2117 3205 coelo
2140 3153 2269 3217 est,
2298 3142 2381 3209 ab

349 3238 440 3305 eis
461 3239 643 3307 facile
675 3241 1123 3308 contemnitur.

443 3347 858 3430 XL111.Qu1
885 3347 1008 3412 hoc
1031 3348 1060 3413 Ρ
1080 3346 1173 3411 Eo
1203 3348 1375 3433 quod
1397 3347 1727 3435 peregrina
1750 3357 1816 3412 et
1843 3346 2208 3415 admiranda
2229 3349 2381 3431 sint,

348 3477 489 3546 quae
522 3475 707 3543 supra
741 3455 935 3517 coelos
969 3463 1150 3521 sunt.
1186 3471 1261 3515 ac
1291 3472 1498 3536 neque
1532 3451 1598 3516 iu
1634 3446 1945 3515 thesauris
1972 3475 2191 3541 regum
2220 3503 2238 3531 ,
2267 3476 2385 3522 ne·-

351 3582 476 3647 que
504 3562 567 3624 in
592 3558 895 3649 sapientia
918 3557 1296 3636 verborum2
1319 3575 1528 3641 neque
1558 3554 1620 3617 in
1645 3555 1840 3640 gloria
1864 3559 2183 3624 mundana
2208 3582 2386 3651 repe-

356 3664 632 3737 riantur-3
679 3684 750 3728 ac
788 3664 935 3750 quia
979 3660 1346 3750 dignitates,
1382 3672 1491 3724 aut
1542 3657 1805 3734 divitiae,
1844 3683 1999 3747 quas
2049 3662 2138 3728 illi
2179 3666 2385 3755 possi-

357 3769 552 3839 dent.
606 3767 712 3851 qui
754 3768 1101 3831 Dominum
1155 3778 1218 3831 et
1268 3778 1620 3832 creatorem
1649 3765 1948 3831 omnium
1993 3766 2059 3832 in
2103 3765 2388 3838 interiori

354 3871 617 3946 homine
662 3869 897 3938 habent
919 3920 936 3946 ,
983 3874 1109 3939 sint
1149 3872 1459 3963 possessio
1488 3894 1818 3964 nunquam
1863 3872 2190 3945 interitura
2213 3927 2232 3954 ,
2276 3882 2390 3952 sod

414 4022 442 4085 ξ
471 4008 655 4081 Ephcs.
684 4021 754 4064 vn,
787 4004 865 4058 ὦ.

570 4109 786 4165 ΧῙΝῙΠ.
2125 4114 2176 4189 9
