2982 4885
1027 501 1284 560 nonnus
1328 503 1428 559 x'v.
2132 485 2253 559 125

83 637 94 649 ⁵
209 628 406 702 altera
432 634 636 700 anima
666 653 814 698 cum
833 630 1060 697 anima.
1095 630 1201 696 Ait
1216 631 1384 696 enim
1408 629 1721 696 Dominus
1747 651 1764 693 ε
1789 656 1814 688 ι
1849 627 2255 718 Quicumque

213 764 385 805 »non
435 737 888 804 renuntiaverit
937 734 1054 800 sibi
1105 734 1257 824 ipsi,
1312 747 1377 800 et
1419 734 1527 822 qui
1575 758 1704 799 non
1735 732 1939 799 oderit
1982 733 2255 801 animam

215 866 467 921 uuam,
516 864 642 909 non
686 852 783 907 est
828 862 1007 905 mous
1047 838 1480 976 Discipulusst
1515 839 1666 914 »Et,
1689 838 1867 918 «Qui
1900 839 2101 927 diligit
2131 841 2261 905 ani-

217 980 242 1011 »
265 970 429 1014 mam
464 969 666 1022 suam,
688 946 912 1033 perdet
934 923 1121 1009 eam
1173 972 1198 1003 ι
1218 943 1545 1032 Siquidem
1569 956 1907 1032 peccatum
1922 956 2259 1062 postquam

220 1052 440 1116 invasit
470 1051 779 1125 animam,
815 1049 1175 1113 membrum
1203 1047 1341 1140 ejus
1383 1049 1624 1113 sactum
1662 1061 1790 1122 est,
1842 1047 2085 1136 ipsique
2126 1072 2263 1115 cor·

221 1175 412 1244 porco
456 1155 701 1221 homini
740 1154 1053 1228 adhaerct,
1102 1174 1175 1217 ac
1219 1151 1574 1218 scaturiunt
1615 1152 1762 1215 inde
1809 1154 2023 1217 multae
2074 1165 2263 1241 atque

223 1263 485 1350 impurae
521 1261 934 1351 cogitationes
976 1259 1040 1324 in
1074 1261 1288 1324 corde.
1331 1259 1693 1337 Quocirca,
1740 1258 1846 1344 qui
1881 1259 2030 1324 facit
2058 1264 2271 1326 volun-

223 1379 419 1432 tatem
451 1367 678 1432 animae
712 1389 873 1440 suae,
909 1368 1300 1430 voluntatem
1335 1363 1548 1429 cordis
1587 1362 1776 1436 sacit;
1805 1365 1949 1449 quia
1981 1389 2132 1436 cum
2155 1368 2268 1438 illo

228 1494 514 1538 connexa
535 1484 603 1536 et
622 1471 935 1559 permixta
958 1483 1053 1534 est
1079 1468 1305 1538 anima.
1338 1470 1769 1556 Quapropter,
1784 1468 1892 1554 qui
1911 1471 2027 1534 sub
2046 1471 2270 1558 jugum

231 1575 511 1641 animam
545 1595 726 1637 suam
757 1571 993 1646 mittit,
1026 1584 1092 1635 et
1123 1570 1232 1656 qui
1266 1570 1385 1634 sibi
1425 1572 1783 1657 innatisque
1824 1573 2274 1660 cupiditatibus

232 1671 597 1752 succenset,
646 1676 913 1764 perinde
959 1698 1027 1740 so
1066 1672 1297 1748 hahet,
1347 1695 1421 1738 ac
1473 1674 1584 1762 qui
1628 1672 1948 1742 civitatem
1998 1677 2284 1768 hostium,

233 1804 496 1849 suorum
526 1780 868 1869 subjugat:
906 1779 1137 1867 hicque
1173 1779 1396 1867 dignus
1444 1778 1718 1845 habetur
1756 1783 1998 1870 assequi
2041 1784 2274 1854 bonam

233 1909 599 1966 mensuram
628 1881 924 1975 Spiritus,
943 1883 1355 1974 atqileinduit
1375 1885 1610 1951 virtute
1640 1885 1849 1951 divina
1880 1886 2136 1976 adjutus
2163 1915 2277 1982 pu-

240 2016 380 2058 rum
415 1992 771 2068 hominem,
813 2014 1007 2082 seque
1043 1991 1180 2080 ipso
1224 1991 1624 2080 praestantior
1668 1992 1896 2059 evadit.
1947 1993 2279 2099 Ejusmodi

238 2097 407 2165 enim
438 2098 548 2187 qni
574 2110 700 2173 est,
737 2110 955 2186 postea
980 2097 1206 2162 divinae
1238 2108 1480 2163 naturae
1505 2095 1578 2163 fit
1599 2099 1952 2188 particeps,
1982 2114 2050 2167 et
2050 2093 2302 2171 evadit¹

243 2204 409 2270 iilius
467 2204 625 2277 Dei,
670 2203 986 2290 recipiens
1036 2202 1436 2291 signaculum
1482 2206 1741 2270 coeleste
1793 2206 1858 2270 in
1897 2207 2105 2273 anima
2143 2231 2276 2278 sua.

242 2309 441 2377 Eiecti
475 2307 649 2370 enim
693 2305 834 2390 ejus
873 2320 1203 2392 unguntur
1245 2312 1386 2371 oleo
1433 2307 1907 2385 sanctificante,
1955 2313 2019 2377 in
2056 2335 2283 2403 magua

244 2411 552 2503 dignitate
585 2406 1103 2481 constituuntur,
1138 2428 1214 2472 ac
1245 2430 1424 2495 reges
1461 2411 1761 2475 evadunt.

332 2514 639 2587 xxxvl.
694 2513 809 2578 Est
837 2512 1007 2578 enim
1038 2513 1233 2579 homo
1262 2511 1575 2602 ejusmodi
1593 2526 1869 2593 naturae,
1893 2530 1964 2584 ut
1986 2524 2053 2585 et
2078 2522 2188 2609 qui
2219 2522 2285 2590 in

246 2621 642 2714 profundum
676 2617 968 2707 nequitiae
999 2620 1325 2685 demersus
1356 2632 1453 2686 est
1483 2633 1549 2687 et
1568 2634 1835 2711 peccato
1868 2626 2093 2702 servit,
2136 2649 2293 2693 con-
2397 2638 2402 2639 ’
2506 2638 2522 2646 “

248 2729 408 2797 verti
435 2725 516 2792 ad
539 2726 827 2791 honum.
865 2736 929 2789 et
956 2724 1063 2813 qui
1093 2720 1355 2813 Spiritui
1377 2735 1598 2792 sancto
1626 2727 1991 2805 devinctus,
2020 2744 2085 2797 et
2102 2734 2292 2801 rebus

248 2832 614 2901 eoelestibus
657 2830 997 2896 inebriatus
1043 2843 1170 2907 est,
1207 2833 1288 2897 ad
1318 2835 1558 2899 malum
1590 2837 1876 2901 converti
1914 2839 2128 2926 possit.
2181 2841 2295 2907 Pe·

255 2939 436 3002 rinde
468 2958 540 3001 ac
574 2935 623 2999 si
654 2935 887 3000 mulier
915 2933 1137 3024 pannis
1170 2936 1395 3001 laceris
1427 2922 1669 3014 obsita,
1704 2940 1987 3007 esuriens
2011 2957 2076 3010 et
2087 2966 2298 3033 squa-

257 3040 419 3114 lida3
454 3051 517 3105 et
547 3063 687 3127 quae
721 3063 847 3104 uon
881 3039 1119 3128 absque
1158 3043 1360 3133 multo
1401 3042 1620 3107 labore
1657 3044 1892 3132 regiam
1926 3048 2296 3136 dignitatem

261 3157 634 3221 consecuta,
683 3144 968 3211 induitur
1006 3168 1287 3233 purpura
1320 3158 1385 3211 et
1420 3168 1655 3214 corona
1677 3197 1695 3224 ,
1733 3171 1804 3215 ac
1835 3148 1907 3215 sit
1938 3175 2165 3241 sponsa
2204 3178 2301 3222 re-

262 3253 385 3338 gis;
437 3250 500 3316 in
551 3251 925 3317 memoriam
981 3251 1098 3317 sibi
1155 3265 1413 3318 revocet
1456 3254 1751 3343 pristinas
1806 3255 2060 3331 sordeS,
2110 3280 2183 3323 ac
2233 3262 2302 3333 in
2403 3328 2432 3345 --

267 3356 474 3422 animo
513 3356 743 3423 habeat
774 3357 853 3421 ad
887 3356 1225 3445 pristinum
1269 3369 1505 3423 statum
1535 3359 1799 3433 'reverti3
1836 3381 1955 3443 nec
1993 3362 2301 3429 tamenin

266 3462 592 3549 pristinam
628 3461 948 3528 infamiam
982 3462 1191 3529 redire
1222 3463 1444 3526 malit:
1488 3461 1612 3527 hoc
1644 3463 1815 3528 enim
1850 3465 2148 3533 stolidum
2181 3483 2295 3537 est.
2369 3460 2370 3465 ἵ

270 3565 361 3628 lta
393 3586 677 3650 quoque,
714 3566 822 3653 qui
855 3593 880 3625 ι
904 3566 1256 3633 Gustarunt
1292 3564 1558 3655 gratiam
1587 3565 1860 3631 divinam
1882 3615 1900 3642 ,
1930 3590 2002 3633 ac
2035 3569 2305 3658 Spiritus

272 3665 651 3755 »participes
690 3669 838 3733 sacti
879 3669 1090 3745 sunt⁸,
1118 3699 1144 3731 ι
1193 3670 1314 3736 nisi
1358 3668 1476 3734 sibi
1517 3682 1816 3747 caveant,
1855 3670 2198 3749 deficiunt,
2231 3699 2305 3744 ac

274 3768 622 3838 deteriores
644 3774 941 3847 evadunt,
959 3798 1148 3861 quam
1176 3798 1322 3841 cum
1349 3789 1558 3843 essent
1579 3776 1888 3844 mundani
1912 3801 1928 3845 ε
1956 3802 2111 3856 non,
2137 3786 2315 3871 quod

276 3874 450 3942 Deus
487 3871 568 3939 sit
598 3874 920 3973 mutabilis
952 3891 1063 3946 aut
1092 3879 1425 3949 imbecill-'e
1471 3883 1736 3960 mentis,
1772 3897 1880 3955 aut
1912 3885 2084 3977 quod
2109 3888 2315 3958 extin-

355 4025 368 4048 ¹
403 4012 523 4063 Luc.
542 4026 648 4077 xiv,
672 4008 757 4062 ³3.
782 4034 846 4050 ·-
868 4023 889 4050 ⁸
914 4010 1056 4064 losa.
1085 4030 1175 4073 sn,
1203 4019 1280 4070 25.
1305 4044 1368 4059 --
1387 4020 1409 4058 ⁸
1438 4018 1597 4071 Ηώς.
1615 4034 1688 4078 vt,
1709 4019 1754 4077 4.
