2982 4885
1103 506 1369 558 neuma
1411 507 1500 558 tv.
2232 490 2322 575 43

290 628 422 719 quit
444 648 552 695 eos
582 626 649 695 in
682 640 1087 717 perpetuum,
1119 627 1231 696 sed
1260 628 1343 695 ad
1371 640 1620 696 certum
1652 640 1905 718 tempus
1928 630 2011 697 ad
2030 628 2319 720 ipsorum

291 734 691 805 commodum
744 756 853 799 eos
915 732 1430 822 castigationibus
1487 733 1762 822 subjecit
1804 756 1823 800 ε
1891 734 2324 823 duritiemque

290 840 491 907 cordis
524 861 748 906 eorum
786 862 901 928 per
960 839 1366 907 afflictionem
1396 840 1682 908 emollire
1720 840 2018 929 cupienti.
2047 863 2323 909 conver—

291 948 492 1021 tebat,
518 945 939 1021 admonebat.
970 946 1318 1035 Prophetas
1354 946 1668 1015 mittebat.
1707 946 1999 1035 insuper.
2033 948 2323 1033 quandiu

289 1052 683 1141 longanimus
740 1064 879 1118 erat
928 1074 1076 1141 erga
1121 1065 1494 1143 peccatores
1532 1065 1598 1121 et
1644 1053 2041 1123 offendentes
2091 1075 2158 1123 se
2180 1100 2199 1133 ,
2253 1066 2326 1122 et»

288 1158 691 1227 nihilominus
739 1180 1075 1227 conversos
1122 1182 1270 1227 cum
1315 1160 1548 1249 gaudio
1602 1160 1993 1248 recipiebat,
2052 1172 2124 1229 et
2167 1182 2320 1229 cum

291 1268 495 1332 denuo
538 1287 675 1330 sese
716 1278 1116 1342 averterent,
1169 1288 1281 1333 eos
1333 1267 1466 1355 ipse
1503 1289 1641 1333 -non
1688 1267 2011 1343 destituit,
2054 1269 2167 1335 aad
2205 1290 2322 1355 per

287 1370 628 1460 Prophetas
660 1372 741 1437 ad
767 1371 1247 1439 conversionem
1289 1371 1654 1439 revocavit:
1690 1384 1881 1460 atque
1916 1372 2256 1460 saepissime
2284 1394 2321 1441 ι

291 1497 352 1541 se
399 1496 689 1549 aversos,
735 1487 800 1540 et
835 1477 1243 1562 postmodum
1289 1497 1629 1541 conversos
1666 1475 1976 1542 benevole
2005 1475 2326 1551 toleravit.

296 1590 483 1662 atque
512 1577 877 1640 humaniter
900 1576 1162 1661 recepit,
1195 1579 1400 1640 donec
1423 1576 1685 1641 tandem
1715 1577 1781 1641 in
1811 1598 2041 1665 magno
2063 1589 2335 1665 peccato

296 1679 675 1769 deprehensi
704 1690 850 1743 sunt
878 1701 1104 1743 manus
1130 1678 1486 1767 injicientes
1515 1679 1773 1768 proprio
1800 1680 2100 1756 Domino,
2135 1703 2334 1767 quem

293 1785 712 1874 expectabant
732 1784 1085 1850 secundum
1101 1784 1474 1851 traditiones
1489 1785 1749 1853 Petrum
1775 1807 1847 1876 ac
1865 1785 2333 1874 Prophetarum
2379 1818 2384 1827 ·

294 1904 655 1959 sanctorum
692 1893 1160 1979 redemptorem
1179 1940 1197 1966 ,
1247 1893 1623 1958 salvatorem
1642 1940 1661 1967 ,
1696 1914 1916 1980 regem
1947 1903 2013 1961 et
2042 1892 2336 1981 Prophe--

258 2000 265 2001 f
295 2009 443 2065 tam.
486 1996 864 2063 Venientem
896 1996 1071 2063 enim
1104 2018 1235 2062 non
1266 1996 1537 2085 amplexi
1576 2010 1763 2075 sunt,
1796 1997 1911 2064 sed
1943 2019 1982 2062 e
2008 1997 2334 2067 contrario

292 2125 514 2191 magna
548 2125 695 2169 cum
723 2101 1069 2190 ignominia
1097 2113 1162 2167 et
1186 2101 1440 2169 infamia
1464 2114 1756 2171 notatum
1776 2150 1796 2179 ,
1835 2103 2093 2169 tandem
2117 2102 2334 2170 crucis

291 2208 599 2297 supplicio
639 2208 1008 2275 affecerunt.
1054 2204 1135 2274 Et
1176 2207 1242 2275 in
1271 2207 1394 2273 hac
1424 2219 1556 2274 tam
1599 2207 1822 2297 grandi
1857 2206 2095 2275 offensa
2131 2220 2197 2277 et
2228 2208 2334 2275 in-

292 2312 465 2401 genti
498 2313 715 2398 lapsu.
754 2324 1021 2397 peccata
1064 2310 1319 2375 illorum
1344 2357 1363 2385 ‚
1403 2333 1544 2396 quae
1584 2313 1664 2375 ad
1700 2333 2024 2379 summum
2062 2313 2330 2381 adaucta

292 2434 500 2488 erant,
528 2413 840 2500 completa
873 2423 1048 2486 sunt,
1074 2422 1141 2475 et
1172 2411 1255 2475 ita
1276 2414 1535 2478 tandem
1565 2423 1871 2498 perpetuo
1893 2414 2123 2480 deserti
2157 2426 2326 2491 sunt,

293 2519 537 2607 Spiritu
583 2528 809 2581 sancto
853 2516 932 2580 ab
989 2514 1063 2578 iis
1113 2515 1454 2580 recedente
1486 2562 1507 2591 ,
1559 2513 1813 2603 quando
1855 2516 2066 2581 velum
2117 2517 2335 2605 templi

296 2624 632 2690 discissum
668 2632 778 2688 est.
817 2621 899 2687 Et
927 2620 1021 2687 sic
1043 2620 1299 2686 illorum
1331 2621 1643 2709 templum
1667 2619 1964 2709 gentihus
1990 2620 2330 2701 traditum.

293 2729 671 2799 subversum
701 2740 767 2793 et
801 2728 1151 2793 desolatum
1192 2737 1325 2802 est,
1365 2727 1719 2793 secundum
1750 2724 2008 2796 Domini
2042 2726 2327 2796 dictum:

310 2859 337 2900 ι
370 2833 513 2901 Non
546 2833 939 2921 relinquetur
979 2833 1083 2900 hic
1119 2832 1276 2920 lapis
1307 2855 1498 2920 super
1526 2832 1841 2920 lapidem,
1882 2830 1991 2921 qui
2025 2856 2157 2900 non
2188 2832 2329 2900 des-

290 2968 317 3002 »
338 2951 586 3007 truetur
623 2938 670 3005 ¹.
723 2966 749 3003 ι
793 2940 874 3005 Et
903 2938 992 3005 sic
1025 2940 1088 3003 in
1138 2951 1522 3028 perpetuum
1557 2939 1774 3005 traditi
1810 2949 1960 3006 sunt
1993 2938 2283 3030 gentihus
2311 2986 2336 3015 ,

290 3057 359 3110 et
393 3042 669 3133 dispersi·
689 3044 755 3110 in
785 3035 1041 3112 omnem
1075 3055 1310 3111 terram
1336 3065 1370 3110 a
1403 3043 1693 3134 regibu5‚
1722 3066 1832 3109 eos
1855 3056 2010 3111 tunc
2035 3044 2100 3112 in
2134 3043 2337 3133 capti-

290 3149 553 3216 vitatem
614 3149 1121 3227 abducentibus,
1170 3151 1326 3217 adeo
1364 3162 1437 3216 ut
1483 3149 1551 3216 in
1579 3149 1836 3240 propria
1879 3151 2020 3220 loca
2066 3150 2336 3240 amplius

290 3253 525 3324 reverti
560 3256 823 3322 omnino
853 3256 926 3324 iis
949 3256 1343 3346 prohibitum
1372 3258 1471 3327 sit.

380 3355 564 3432 XXI.
620 3363 724 3432 Sic
755 3363 948 3453 igitur
976 3375 1045 3429 et
1085 3386 1256 3446 nunc
1288 3364 1460 3430 Deus
1497 3364 1706 3432 bonus
1737 3374 1803 3429 et
1838 3362 2154 3451 benignus
2192 3365 2338 3432 lon-

284 3469 619 3558 ganimum
655 3490 721 3532 se
750 3479 1005 3556 praestat
1040 3490 1188 3556 erga
1212 3491 1735 3557 unumquemque
1768 3480 2054 3538 nostrum
2073 3515 2094 3549 ,
2119 3468 2339 3538 videns

260 3619 261 3622 κ
290 3586 602 3660 quantum
629 3571 896 3662 quisque
925 3573 1269 3662 impingat;
1299 3584 1364 3636 et
1393 3575 1662 3659 quiescit
1681 3585 2045 3664 expectans,
2080 3576 2340 3660 quando

288 3676 646 3765 resipiscat,
673 3689 739 3743 et
760 3687 1083 3744 avertatur
1107 3699 1139 3742 a
1173 3675 1645 3745 committendis
1678 3678 1984 3766 peccatis,
2024 3677 2340 3766 recipiens

291 3801 449 3846 eum
487 3802 520 3844 a
556 3792 819 3868 peccato
850 3802 1232 3849 conversum
1267 3803 1416 3850 cum
1448 3804 1678 3870 magna
1714 3782 2054 3851 dilectione
2088 3794 2155 3852 et
2183 3805 2345 3870 gau-

290 3887 422 3956 dio.
463 3883 574 3952 sic
607 3882 777 3952 enim
805 3885 1055 3978 inquit:⁴
1099 3913 1125 3952 ι
1158 3885 1483 3958 Gaudium
1514 3885 1590 3957 fit
1619 3909 1972 3976 superuno
2002 3898 2349 3978 peccatore

367 4034 384 4059 ¹
409 4019 594 4072 matth.
625 4032 768 4075 xxiv,
795 4032 845 4067 ι.
