2982 4885
1141 550 1397 600 nomm
1447 553 1544 595 xx.
2239 538 2369 624 169

321 667 635 756 cessisset,
650 664 1038 731 sanationem
1065 688 1193 731 non
1218 645 1483 733 fuissent
1501 651 1869 734 consecuti:
1898 671 2122 735 eodem
2145 674 2361 748 modo,

320 770 443 839 nisi
489 771 626 858 quis
667 770 921 860 proprio
956 781 1132 836 motu
1169 793 1241 836 ac
1275 771 1522 859 integro
1554 773 1883 861 proposito
1913 775 1992 837 ad
2020 773 2368 842 Dominum

323 879 623 951 accedat,
660 887 724 940 et
749 873 1331 962 cum-plenitudine
1369 874 1520 939 fidei
1551 899 1700 942 eum
1739 880 2157 965 deprecetur,
2194 881 2369 945 nullo

318 982 514 1049 modo
547 979 891 1046 sanationis
920 978 997 1044 fit
1024 979 1360 1078 particeps,
1406 980 1538 1044 Cur
1572 982 1744 1047 enim
1779 981 1867 1047 illi
1898 982 2089 1048 simul
2120 1005 2191 1048 ac
2224 1006 2368 1050 cre-

322 1087 547 1152 derent
585 1086 1010 1159 sanabantur3
1056 1105 1175 1152 nos
1206 1097 1421 1150 nutem
1469 1089 1755 1151 nondum
1787 1108 2004 1151 revera
2030 1087 2235 1152 visum
2271 1110 2370 1153 ne-

323 1192 632 1281 cepimus,
702 1213 822 1256 nec
883 1193 962 1255 ab
1007 1190 1275 1256 occultis
1344 1189 1789 1258 affectionibus
1849 1192 2051 1257 sanati
2109 1192 2368 1260 sumus?

320 1298 559 1365 Verum
581 1297 891 1363 Dominus
923 1295 1233 1382 majorem
1264 1296 1426 1383 gerit
1454 1319 1674 1362 curam
1708 1297 2080 1380 imwtalis
2112 1298 2362 1374 animae,

323 1424 514 1489 quam
559 1402 860 1489 corporis.
916 1402 1074 1478 Quae
1125 1401 1385 1486 quidem
1436 1400 1599 1464 visui
1640 1400 1964 1475 restituta,
2012 1404 2366 1474 secundum

324 1525 473 1568 eum
495 1552 513 1577 ,
540 1504 648 1589 qui
681 1501 879 1566 dieit‘:
931 1503 1200 1566 «Revela
1225 1505 1447 1566 oculos
1474 1502 1672 1567 mcos¹
1696 1551 1714 1577 ,
1737 1531 1765 1564 ι
1804 1502 1867 1567 in
1892 1515 2199 1567 aeternum
2238 1526 2369 1567 non

328 1605 600 1693 amplius
624 1601 1079 1676 oxcaecahitur,
1109 1613 1173 1667 et
1206 1615 1422 1668 sanata
1448 1627 1578 1668 non
1612 1605 1881 1692 amplius
1907 1607 2363 1673 vulnerabitur.

327 1712 395 1778 Si
425 1710 599 1776 euim
639 1708 1149 1797 corruptibilium
1184 1731 1529 1796 corporum
1562 1733 1783 1776 curam
1830 1712 2108 1801 suscepit
2148 1712 2373 1777 Domi-

326 1838 484 1888 nus,
524 1813 586 1877 in
615 1813 927 1878 mundum
964 1835 1112 1876 cum
1143 1812 1451 1888 venisset3
1490 1826 1732 1901 quanto
1761 1817 1963 1904 magis
1993 1817 2217 1881 animae
2250 1816 2375 1881 im·

323 1918 607 1988 mortalis
656 1929 724 1981 et
771 1918 1124 1982 secundum
1171 1915 1514 2005 imaginem
1556 1919 1697 2006 ejus
1754 1921 2066 1988 conditae?
2104 1922 2372 2011 Propter

328 2023 834 2089 incredulitatem
889 2033 1102 2088 autem
1156 2034 1438 2088 nostram
1496 2037 1561 2090 et
1614 2026 1990 2092 seditionem
2054 2040 2368 2102 nostram,

328 2129 499 2217 quod
522 2151 652 2196 non
684 2127 1016 2215 diligamus
1044 2149 1194 2192 eum
1225 2150 1304 2192 ex
1331 2139 1461 2194 toto
1485 2131 1706 2205 corde,
1733 2154 1943 2219 nequo
1966 2154 2114 2198 vere
2141 2131 2204 2196 ei
2235 2152 2371 2197 cre-

329 2236 577 2306 damus,
610 2235 898 2300 nondum
933 2231 1324 2317 spiritualem
1363 2233 1696 2298 sanitatem
1732 2257 1806 2299 ac
1839 2237 2110 2300 salutem
2140 2256 2373 2301 conse*

331 2337 465 2404 cuti
500 2357 741 2400 sumus.
786 2323 1134 2396 Credamus
1160 2356 1311 2418 ergo
1339 2334 1424 2405 ei,
1459 2348 1525 2399 et
1555 2337 1935 2401 accedamus
1965 2338 2028 2400 in
2070 2337 2371 2410 veritate.

331 2453 404 2507 ut
427 2437 727 2513 velociter
749 2457 962 2500 veram
988 2434 1381 2500 sanationem
1405 2434 1470 2499 in
1486 2437 1671 2501 uobis
1688 2437 2047 2525 adimpleat.
2078 2438 2375 2505 Promisit

331 2544 503 2610 enim
526 2565 593 2608 se
609 2539 986 2627 largiturum
1027 2565 1050 2597 «
1072 2538 1546 2604 postulantibus
1571 2563 1602 2605 a
1629 2563 1696 2606 se
1721 2540 2030 2629 Spiritum
2054 2554 2382 2617 sanctum,

334 2674 452 2716 »ac
503 2645 903 2736 pulsantibus
933 2655 1336 2733 aperturum,
1388 2657 1454 2709 et
1499 2669 1531 2711 a
1578 2646 2008 2734 quaerentibus
2049 2646 2379 2717 inventum

336 2751 512 2818 »iri².
554 2751 762 2839 Atque
787 2772 912 2814 non
947 2749 1292 2823 mentitur,
1325 2750 1433 2837 qui
1464 2749 1814 2839 promisit⁸.
1841 2779 1866 2812 ι
1913 2750 2034 2840 Ipsi
2067 2751 2269 2841 gloria
2306 2763 2376 2820 et

332 2856 621 2948 potentia
645 2855 710 2919 in
739 2856 987 2950 saecula.
1027 2852 1255 2920 Amen.
1340 2890 1359 2911 ο

406 3046 419 3070 ·
448 3033 572 3085 Psal.
597 3049 771 3096 cum,
805 3004 876 3087 iss.
909 3059 959 3072 -
982 3048 1002 3071 ¹
1028 3033 1144 3090 Luc.
1174 3049 1244 3096 xi,
1276 3033 1353 3095 13,
1373 3040 1424 3085 et
1446 3032 1626 3085 matth.
1650 3049 1738 3090 vn,
1760 3050 1808 3101 7.
1835 3057 1891 3071 -
1917 3034 1941 3071 ⁸
1965 3031 2069 3086 Tit.
2097 3049 2132 3107 t.
2161 3049 2209 3087 a.
