2982 4885
1101 522 1359 603 domus
1404 555 1633 601 mvn.
2260 541 2390 628 249

358 655 701 745 crepantia.
742 651 953 720 Veluti
987 676 1059 720 ac
1093 655 1145 720 si
1182 666 1363 745 pater
1393 655 1706 744 quispiam
1736 655 1969 722 habeat
2000 658 2162 725 duos
2188 656 2390 736 filios,

356 760 532 835 hunc
567 759 866 849 pusillum
888 808 906 836 ,
957 762 1226 826 alterum
1270 761 1739 825 adolescentem
1770 808 1786 833 ‚
1828 760 2002 827 hunc
2041 761 2298 849 quidem
2326 763 2393 829 in

358 865 548 930 urbes
576 864 771 930 mittit
803 877 868 931 et
905 864 1226 954 regiones,
1276 864 1582 953 pusillum
1615 876 1826 932 autem
1863 887 2112 954 semper
2143 879 2380 941 tuetur,

353 971 684 1059 quianihil
709 982 923 1062 potest
944 994 1148 1060 agere.
1189 970 1404 1040 Gloria
1441 972 1598 1041 Deo.
1640 971 1867 1039 Ameff.

996 1219 2292 1248 mmmmmmmmw
2297 1222 2389 1244 m

951 1377 1358 1447 n0M1L1A
1380 1472 1384 1476 ,
1410 1379 1780 1449 xxxvn.

718 1592 834 1657 De
852 1588 1205 1689 paradiso
1234 1603 1305 1659 et
1331 1589 1484 1685 lege
1508 1591 1870 1688 spiritmli
1897 1589 2028 1688 (8).

442 1805 492 1869 Ι.
531 1828 556 1862 α
577 1802 881 1870 Anum-ru
904 1800 1097 1889 hujus
1112 1805 1361 1880 mundi,
1380 1817 1453 1871 ut
1475 1805 1785 1896 scriptum
1810 1820 1930 1883 est,
1951 1808 2275 1874 inimicitia
2295 1818 2391 1877 est

349 1906 569 1975 »Dei¹.
611 1935 635 1969 ι
654 1907 1064 1996 Quapropter
1094 1906 1421 1995 Scriptura
1445 1910 1633 1996 jubet
1660 1934 2184 2000 unumquemque
2212 1913 2389 1979 omni

351 2011 639 2080 custodia
668 2013 1005 2077 observare
1035 2032 1150 2077 cor
1177 2035 1364 2078 suum
1383 2012 1436 2088 ²,
1468 2025 1540 2079 ut
1563 2016 1703 2102 quis
1722 2064 1742 2093 ‚
1776 2019 1952 2083 velut
1964 2006 2344 2109 paradisum
2365 2068 2385 2095 ,

350 2140 726 2185 conservans
760 2118 829 2187 in
853 2140 930 2183 eo
962 2118 1265 2195 verbum,
1299 2118 1551 2185 fruatur
1581 2122 1782 2210 gratia
1803 2172 1823 2199 ,
1864 2146 1980 2189 nec
2013 2122 2226 2190 audiat
2254 2148 2390 2189 ser-

351 2236 608 2312 pentem
630 2224 804 2287 intus
833 2246 900 2286 se
931 2223 1361 2309 implicantem
1381 2270 1400 2299 ,
1428 2236 1494 2289 et
1524 2228 1964 2291 consulentem
1988 2250 2133 2313 quae
2159 2230 2388 2318 volup-

350 2326 466 2392 tati
498 2323 883 2395 inserviunt,
921 2345 1000 2386 ex
1027 2346 1152 2408 qua
1187 2326 1470 2388 nascitur
1499 2326 1829 2391 iracundia
1862 2332 1942 2394 ad
1969 2330 2389 2397 fratricidium

355 2428 889 2514 committendum
919 2424 1177 2514 adigens
1193 2472 1214 2500 ‚
1248 2438 1314 2490 et
1336 2427 1609 2491 moritur
1634 2429 1842 2493 anima
1866 2432 2145 2517 pariens;
2171 2456 2392 2500 verum

357 2536 572 2603 audiat
605 2532 955 2597 Dominum
980 2529 1297 2595 dicentem
1330 2553 1345 2594 :
1392 2557 1417 2590 α
1442 2530 1680 2597 Curam
1704 2532 1938 2600 habete
1960 2533 2108 2602 fidei
2134 2519 2215 2602 acx
2232 2541 2391 2627 spei,

356 2664 393 2708 e
416 2640 648 2730 quibus
682 2634 1111 2727 proficiscitur
1139 2634 1414 2701 charitas
1430 2686 1448 2712 ,
1481 2647 1547 2702 et
1569 2636 1685 2702 Dei
1709 2649 1773 2702 et
1799 2637 2130 2704 hominum
2152 2664 2390 2721 amans,

357 2744 731 2835 quaeffvitam
779 2754 1081 2806 aeternam
1111 2741 1395 2828 largitur.
1435 2769 1463 2801 ι
1516 2744 1590 2806 ln
1622 2741 1993 2829 hujusmodi
2034 2747 2395 2833 paradisum

355 2850 673 2940 ingressus
701 2859 798 2914 est
829 2846 998 2922 Noe,
1032 2848 1404 2910 mandatum
1438 2847 1784 2912 observans
1822 2860 2009 2935 atque
2042 2872 2390 2938 exequens,

354 2968 542 3043 atque
565 2971 686 3043 per
707 2951 1082 3019 charitatem
1105 2963 1384 3016 servatus
1412 2961 1507 3015 est
1543 2950 1622 3015 ab
1649 2952 1758 3016 ira.
1805 2952 1993 3018 Hunc
2016 2975 2396 3023 conservans

354 3059 677 3126 Abraham
709 3057 935 3123 divinae
965 3055 1106 3120 voci
1140 3056 1623 3144 obtemperavit.
1659 3057 1845 3122 Hunc
1869 3061 2232 3128 custodiens
2260 3063 2398 3129 Mo-

357 3188 454 3231 ses
474 3215 490 3239 ‚
523 3165 789 3253 gloriam
825 3162 891 3226 in
922 3160 1083 3225 facie
1108 3160 1368 3248 recepit.
1409 3161 1638 3226 Itidem
1662 3172 1728 3227 et
1747 3162 1947 3229 David
1976 3165 2149 3233 hunc
2180 3180 2396 3236 custo-

357 3271 570 3347 diens,
606 3268 855 3343 effecit,
890 3267 1063 3332 unde
1096 3267 1451 3332 dominium
1476 3266 1542 3332 in
1576 3268 1790 3334 hostes
1822 3269 2085 3360 adeptus
2114 3284 2230 3336 est.
2264 3273 2393 3338 Ve-

356 3376 693 3442 rumetiam
752 3373 903 3438 Saiil
940 3420 956 3445 .
1014 3372 1297 3457 quandiu
1349 3372 1693 3438 custodivit
1750 3394 1862 3452 cor
1889 3420 1908 3446 ,
1964 3373 2134 3436 felici
2181 3396 2398 3443 rerum

358 3501 652 3545 successu
695 3477 997 3543 utebatur
1009 3498 1027 3546 ς
1073 3475 1326 3558 quando
1368 3496 1522 3537 vero
1560 3476 1678 3539 sub
1727 3474 1920 3540 finem
1972 3463 2396 3565 transgressus

359 3597 490 3656 est,
534 3581 790 3647 tandem
830 3590 928 3645 est
957 3575 1451 3641 circumventus.
1501 3574 1692 3640 Juxta
1732 3598 2094 3643 mensuram
2126 3582 2295 3646 enim
2333 3596 2400 3650 et

360 3707 438 3750 ex
474 3685 883 3771 proportione
915 3680 1205 3769 pervenit
1243 3679 1323 3744 ad
1365 3695 1889 3766 unumquemque
1927 3681 2195 3770 verbum
2233 3683 2392 3761 Dei,

362 3796 672 3875 qnantum
710 3785 851 3871 quis
885 3783 1220 3871 possiderit
1241 3832 1257 3857 ‚
1292 3795 1542 3849 tantum
1581 3782 2006 3872 possidebitur
2041 3806 2057 3850 τ
2093 3797 2159 3852 et
2191 3809 2396 3876 quan-

305 3973 312 3980 .
363 3904 502 3960 tum
536 3888 677 3978 quis
711 3884 1118 3961 custodierit,
1154 3898 1402 3954 tantum
1434 3880 1850 3957 custodietur.

434 4041 448 4066 ¹
477 4025 653 4079 Jacob.
681 4040 749 4085 nv,
770 4021 823 4083 4.
845 4035 951 4107 -,·,
975 4020 1218 4098 {hev-JV,
1244 4023 1320 4076 23.
