2982 4885
690 449 828 517 526
1482 467 1534 511 s.
1593 465 1947 513 rmum

698 607 734 651 a
760 583 999 651 Novato
1031 580 1342 670 quodam,
1379 582 1489 668 qui
1529 582 1695 647 sicut
1723 582 2006 648 Ecclesia
2040 584 2358 651 catholica
2390 586 2744 654 credebant

697 701 912 763 antea,
946 687 1141 754 Vetus
1162 686 1640 752 Testamentum
1685 701 1752 753 et
1776 688 2023 754 Novum
2055 691 2463 779 accipientes.
2500 691 2574 761 In
2603 716 2739 782 per-

693 792 1016 862 secutione
1052 804 1266 858 autem
1285 840 1304 868 ,
1331 791 1479 878 quia
1511 792 1666 879 lapsi
1703 804 1852 857 sunt
1875 793 2058 857 multi
2082 792 2303 867 fideles
2321 843 2340 871 ,
2367 808 2433 861 et
2455 796 2519 860 in
2543 798 2740 885 poeni-

697 900 957 967 tentiam
980 898 1257 986 suscepti
1285 910 1429 961 sunt
1457 920 1491 962 a
1516 896 1830 963 catholica
1853 897 2163 975 Ecclesia,
2189 901 2357 976 irati,
2375 902 2503 965 imo
2523 902 2735 989 potius

622 1022 629 1027 ·
695 1004 1184 1094 praesumptione
1208 1002 1381 1069 ducti
1408 1025 1479 1068 ac
1505 1003 1798 1092 superbia
1828 1051 1846 1077 ,
1871 1026 2100 1069 vanam
2143 1006 2499 1071 doctrinam
2521 1009 2732 1074 conati

695 1124 843 1176 sunt
870 1111 1206 1185 seminare,
1239 1121 1602 1197 separantes
1634 1131 1705 1173 se
1739 1110 1818 1173 ab
1850 1108 2137 1174 Ecclesia
2170 1110 2508 1188 catholica,
2543 1125 2733 1199 atque

698 1240 737 1283 a
773 1212 1004 1282 Christi
1036 1214 1320 1280 bonitate
1351 1236 1422 1279 ac
1462 1212 1893 1278 misericordia
1931 1214 2362 1291 dissonantes,
2411 1199 2724 1303 amidi-

701 1332 960 1389 centes:
1008 1317 1148 1385 Non
1189 1341 1326 1384 esse
1372 1317 1546 1384 fideli
1588 1331 1731 1407 post
1762 1318 2153 1407 baptismum
2202 1321 2416 1385 locum
2457 1321 2728 1406 aliquem

705 1423 1089 1515 poenitentiae
1114 1472 1133 1499 ,
1199 1422 1558 1512 ignorantes
1618 1424 1790 1509 quod
1836 1445 1951 1510 per
2002 1423 2384 1511 Prophetam
2441 1426 2668 1489 clamat
2704 1446 2723 1487 ε

719 1558 745 1590 ι
770 1527 927 1596 Vivo
958 1549 1111 1617 ego,
1147 1528 1304 1593 dicit
1330 1527 1644 1593 Dominus
1672 1551 1688 1591 ε
1723 1526 1882 1593 Nolo
1913 1539 2185 1592 mortem
2211 1529 2594 1617 peccatoris,
2619 1528 2726 1592 sed

704 1634 945 1724 »magis
986 1645 1059 1700 ut
1103 1644 1455 1699 revertatur
1489 1645 1556 1698 et
1600 1631 1830 1698 vivat¹.
1864 1661 1890 1694 ι
1925 1631 1991 1697 Si
2036 1655 2189 1722 ergo
2225 1634 2500 1698 dixerint
2528 1633 2605 1697 de
2632 1632 2727 1697 his

702 1741 813 1830 qui
842 1739 1199 1828 baptizandi
1231 1750 1402 1813 sunt,
1435 1738 1664 1804 dixisse
1685 1738 2105 1826 scripturam,
2130 1760 2258 1804 nou
2293 1752 2506 1804 tamen
2542 1736 2726 1803 fideli-

706 1847 823 1912 bus
845 1893 864 1920 ,
901 1844 1160 1909 audiant
1183 1843 1575 1909 Salvatorem
1611 1855 1754 1931 post
1793 1843 2177 1931 baptismum
2202 1866 2380 1931 aquae
2410 1844 2729 1907 dicentem

701 1951 780 2019 de
813 1946 1122 2035 baptismo
1153 1946 1307 2022 alio,
1335 1946 1722 2034 poenitentiae
1758 1948 2000 2015 scilicet
2029 1947 2322 2037 passionis
2343 1947 2425 2010 ita
2452 1968 2472 2008 ε
2516 1973 2544 2006 ι
2565 1946 2732 2035 Bap-

702 2048 933 2117 »tismo
965 2049 1207 2123 habeo.
1244 2050 1484 2138 inquit,
1531 2051 1836 2140 baptizari
1859 2102 1877 2126 ,
1913 2065 1978 2118 et
2008 2074 2203 2140 quam·
2224 2050 2446 2115 festino
2493 2050 2546 2114 si
2578 2050 2729 2116 fini-

701 2184 728 2217 »
746 2152 990 2222 setun-².
1022 2183 1048 2218 ι
1087 2154 1447 2222 Ostendens
1490 2155 1712 2244 utique
1741 2156 1924 2223 nobis
1956 2170 2097 2246 post
2124 2155 2508 2245 baptismum
2536 2177 2726 2243 quem

711 2286 828 2356 per
861 2284 1086 2351 aquam
1111 2274 1256 2328 ante
1282 2264 1545 2329 dederat
1563 2311 1579 2340 ,
1608 2265 1779 2330 aliud
1806 2265 1999 2330 etiam
2027 2263 2328 2353 passionis
2350 2262 2729 2352 poenitentioe

705 2372 986 2441 humano
1008 2369 1221 2460 generi
1246 2369 1324 2435 ab
1352 2369 1548 2462 ipsius
1570 2369 1891 2445 bonitate,
1919 2382 1983 2435 et
2011 2368 2349 2437 clementia
2379 2367 2726 2435 labentibus

706 2478 1191 2547 concedendum
1221 2523 1240 2551 ,
1293 2488 1482 2563 atque
1551 2476 1630 2540 ab
1677 2476 1904 2541 eodem
1965 2475 2236 2542 Domino
2297 2475 2719 2541 tribuendum.

707 2585 897 2665 Quod
918 2580 1202 2670 Apostoli
1241 2579 1660 2668 intelligentes
1691 2578 1768 2644 de
1795 2577 2082 2669 passione
2114 2578 2254 2667 ejus
2284 2579 2722 2652 saluberrima,

705 2700 845 2778 post
867 2687 1036 2750 illam
1058 2685 1327 2773 primam
1357 2686 1624 2773 gratiam
1656 2684 1936 2750 humano
1962 2686 2175 2774 generi
2205 2684 2398 2751 etiam
2429 2683 2550 2749 hoc
2583 2703 2726 2746 enm

702 2787 1044 2854 contulisse
1080 2788 1529 2876 praedicabant.
1587 2791 1668 2856 Ut
1710 2790 1999 2878 provisor
2021 2789 2197 2855 enim
2242 2803 2307 2855 et
2333 2789 2726 2877 omnipotens

707 2892 1117 2984 peccantibus
1152 2896 1449 2962 concedit
1476 2919 1593 2985 per
1623 2896 2059 2986 poenitentiam
2079 2946 2098 2972 ,
2134 2907 2205 2962 ut
2229 2896 2334 2986 qui
2353 2896 2556 2983 lapsus
2586 2903 2727 2966 est,

703 3022 964 3088 surgens
994 3022 1065 3066 ac
1090 3007 1377 3090 pugnans
1405 3001 1663 3078 iterum,
1686 3002 1878 3090 inque
1900 3025 1972 3069 ea
1995 3022 2408 3093 perseverans,
2429 3007 2731 3084 speretffi

701 3127 886 3198 posse
904 3128 937 3172 a
952 3106 1223 3173 Domino
1245 3108 1725 3175 desiderandam
1739 3109 2067 3174 victoriam
2087 3103 2353 3194 adipisci.
2372 3095 2448 3167 In
2469 3101 2728 3167 Christo

704 3213 876 3281 enim
916 3225 984 3280 et
1026 3213 1163 3304 ejus
1202 3212 1571 3289 clementia,
1625 3225 1692 3279 et
1731 3213 2004 3302 justitia,
2050 3227 2116 3280 et
2162 3209 2408 3277 bonitas
2468 3218 2731 3297 propter

700 3334 1036 3413 peccantes
1058 3332 1122 3387 et
1145 3319 1520 3410 poenitentes
1543 3317 1825 3385 abundat
1844 3317 2127 3406 quotidie
2143 3367 2161 3394 ,
2181 3305 2261 3382 “nt
2280 3315 2510 3385 Paulus
2533 3324 2731 3377 testa-

698 3442 800 3495 tus
826 3429 903 3494 de
927 3430 1045 3495 illis
1067 3440 1161 3493 est
1184 3477 1202 3503 ‚
1231 3426 1337 3515 qui
1361 3427 1608 3515 pcccati
1626 3450 1812 3494 causa
1837 3448 1963 3492 non
1987 3437 2244 3515 egerant
2265 3419 2729 3512 poenitentiam,

697 3547 770 3600 ut
796 3535 955 3599 dixit
986 3534 1052 3598 in
1083 3555 1193 3597 sua
1225 3531 1504 3622 Epistola
1532 3556 1549 3598 ε
1583 3561 1609 3593 ι
1633 3534 1794 3614 Quis
1824 3531 2208 3606 infirmatur,
2242 3542 2308 3594 et
2335 3550 2452 3616 ego
2480 3546 2605 3591 non
2637 3523 2735 3588 in-

692 3664 720 3700 s
740 3636 1021 3703 firmor⁸.
1053 3663 1078 3697 ι
1112 3637 1191 3702 Et
1223 3660 1475 3703 rursum
1506 3662 1521 3703 ε
1561 3665 1587 3697 ι
1611 3638 1702 3705 Ne
1730 3638 1978 3704 veniam
2015 3638 2093 3701 ad
2115 3659 2259 3709 vos,
2288 3634 2601 3699 etiterum
2621 3648 2736 3691 me

696 3741 1032 3808 »humiliet
1057 3740 1370 3808 Dominus
1393 3756 1657 3831 propter
1679 3742 1984 3831 quosdam
2018 3740 2128 3829 qui
2152 3763 2282 3806 non
2318 3746 2581 3827 egerunt
2600 3753 2736 3822 poe-

763 3929 781 3957 ⁸
803 3915 983 3968 Bacch.
1011 3934 1155 3981 nm,
1183 3918 1262 3979 2³,
1281 3924 1328 3972 et
1349 3934 1523 3980 xxxin,
1551 3936 1623 3974 ιι.
1653 3947 1717 3963 -
1742 3935 1762 3961 ο
1788 3920 1905 3971 Luc.
1934 3933 2027 3978 ιιι,
2051 3919 2132 3967 50.
2154 3942 2215 3956 -·-
2235 3917 2258 3952 ⁸
2290 3931 2316 3966 a
2340 3913 2462 3965 Cor.
2489 3926 2560 3969 xl,
2586 3923 2666 3976 29·
