<?xml version="1.0" encoding="UTF-8"?>
<!DOCTYPE html PUBLIC "-//W3C//DTD XHTML 1.0 Transitional//EN"
    "http://www.w3.org/TR/xhtml1/DTD/xhtml1-transitional.dtd">
<html xmlns="http://www.w3.org/1999/xhtml" xml:lang="en" lang="en">
 <head>
  <title>
</title>
<meta http-equiv="Content-Type" content="text/html;charset=utf-8" />
  <meta name='ocr-system' content='tesseract 3.04.00' />
  <meta name='ocr-capabilities' content='ocr_page ocr_carea ocr_par ocr_line ocrx_word'/>
</head>
<body>
  <div class='ocr_page' id='page_1' title='image "./sanctorummacari00egypgoog_0140.png"; bbox 0 0 2982 4885; ppageno 0'>
   <div class='ocr_carea' id='block_1_1' title="bbox 724 503 2088 584">
    <p class='ocr_par' dir='ltr' id='par_1_1' title="bbox 724 503 2088 584">
     <span class='ocr_line' id='line_1_1' title="bbox 724 503 2088 584; baseline 0.008 -16"><span class='ocrx_word' id='word_1_1' title='bbox 724 503 847 584; x_wconf 65' lang='grc' dir='ltr'>υἱ.</span> <span class='ocrx_word' id='word_1_2' title='bbox 1385 527 1434 571; x_wconf 81' lang='lat' dir='ltr'>s.</span> <span class='ocrx_word' id='word_1_3' title='bbox 1488 528 1752 576; x_wconf 59' lang='lat' dir='ltr'>uacua</span> <span class='ocrx_word' id='word_1_4' title='bbox 1794 529 2088 581; x_wconf 59' lang='lat' dir='ltr'>acum-u.</span> 
     </span>
    </p>
   </div>
   <div class='ocr_carea' id='block_1_2' title="bbox 711 639 2751 833">
    <p class='ocr_par' dir='ltr' id='par_1_2' title="bbox 711 639 2751 833">
     <span class='ocr_line' id='line_1_2' title="bbox 716 639 2751 741; baseline 0.013 -37"><span class='ocrx_word' id='word_1_5' title='bbox 716 640 818 705; x_wconf 64' lang='lat' dir='ltr'>tias</span> <span class='ocrx_word' id='word_1_6' title='bbox 854 651 1042 729; x_wconf 83' lang='lat' dir='ltr'>atque</span> <span class='ocrx_word' id='word_1_7' title='bbox 1072 639 1437 730; x_wconf 64' lang='lat' dir='ltr'>injustitiae:</span> <span class='ocrx_word' id='word_1_8' title='bbox 1476 645 1564 713; x_wconf 92' lang='lat' dir='ltr'>ibi</span> <span class='ocrx_word' id='word_1_9' title='bbox 1598 670 1805 727; x_wconf 84' lang='lat' dir='ltr'>mors,</span> <span class='ocrx_word' id='word_1_10' title='bbox 1847 652 2062 741; x_wconf 77' lang='lat' dir='ltr'>ibique</span> <span class='ocrx_word' id='word_1_11' title='bbox 2084 653 2206 722; x_wconf 82' lang='lat' dir='ltr'>vita</span> <span class='ocrx_word' id='word_1_12' title='bbox 2245 678 2263 721; x_wconf 75' lang='lat' dir='ltr'><strong><em>z</em></strong></span> <span class='ocrx_word' id='word_1_13' title='bbox 2307 656 2395 726; x_wconf 90' lang='lat' dir='ltr'>ibi</span> <span class='ocrx_word' id='word_1_14' title='bbox 2433 660 2604 729; x_wconf 79' lang='lat' dir='ltr'>bona</span> <span class='ocrx_word' id='word_1_15' title='bbox 2638 645 2751 730; x_wconf 82' lang='lat' dir='ltr'>ne-</span> 
     </span>
     <span class='ocr_line' id='line_1_3' title="bbox 711 743 1434 833; baseline 0.011 -27"><span class='ocrx_word' id='word_1_16' title='bbox 711 743 972 833; x_wconf 83' lang='lat' dir='ltr'>gotiatio</span> <span class='ocrx_word' id='word_1_17' title='bbox 1000 757 1065 810; x_wconf 91' lang='lat' dir='ltr'>et</span> <span class='ocrx_word' id='word_1_18' title='bbox 1096 749 1434 815; x_wconf 84' lang='lat' dir='ltr'>contraria.</span> 
     </span>
    </p>
   </div>
   <div class='ocr_carea' id='block_1_3' title="bbox 678 848 2754 3997">
    <p class='ocr_par' dir='ltr' id='par_1_3' title="bbox 678 848 2754 3775">
     <span class='ocr_line' id='line_1_4' title="bbox 796 848 2746 960; baseline 0.014 -45"><span class='ocrx_word' id='word_1_19' title='bbox 796 848 1100 917; x_wconf 86' lang='lat' dir='ltr'><strong>XXXIII.</strong></span> <span class='ocrx_word' id='word_1_20' title='bbox 1158 855 1730 956; x_wconf 82' lang='lat' dir='ltr'>Quemadmodum</span> <span class='ocrx_word' id='word_1_21' title='bbox 1750 861 1800 925; x_wconf 83' lang='lat' dir='ltr'>si</span> <span class='ocrx_word' id='word_1_22' title='bbox 1833 864 2136 950; x_wconf 83' lang='lat' dir='ltr'>palatium</span> <span class='ocrx_word' id='word_1_23' title='bbox 2182 867 2262 932; x_wconf 92' lang='lat' dir='ltr'>sit</span> <span class='ocrx_word' id='word_1_24' title='bbox 2300 872 2619 960; x_wconf 87' lang='lat' dir='ltr'>amplum,</span> <span class='ocrx_word' id='word_1_25' title='bbox 2672 898 2746 942; x_wconf 88' lang='lat' dir='ltr'>ac</span> 
     </span>
     <span class='ocr_line' id='line_1_5' title="bbox 709 955 2741 1067; baseline 0.014 -49"><span class='ocrx_word' id='word_1_26' title='bbox 709 955 1038 1045; x_wconf 83' lang='lat' dir='ltr'>deseratur</span> <span class='ocrx_word' id='word_1_27' title='bbox 1076 958 1266 1037; x_wconf 83' lang='lat' dir='ltr'>illud,</span> <span class='ocrx_word' id='word_1_28' title='bbox 1314 975 1379 1028; x_wconf 92' lang='lat' dir='ltr'>et</span> <span class='ocrx_word' id='word_1_29' title='bbox 1422 966 1628 1030; x_wconf 88' lang='lat' dir='ltr'>omnis</span> <span class='ocrx_word' id='word_1_30' title='bbox 1658 971 1907 1055; x_wconf 80' lang='lat' dir='ltr'>generis</span> <span class='ocrx_word' id='word_1_31' title='bbox 1942 976 2362 1060; x_wconf 69' lang='lat' dir='ltr'><strong>graveolentia</strong></span> <span class='ocrx_word' id='word_1_32' title='bbox 2403 982 2741 1067; x_wconf 85' lang='lat' dir='ltr'>repleatur.</span> 
     </span>
     <span class='ocr_line' id='line_1_6' title="bbox 706 1064 2749 1172; baseline 0.012 -48"><span class='ocrx_word' id='word_1_33' title='bbox 706 1079 779 1124; x_wconf 75' lang='lat' dir='ltr'>ac</span> <span class='ocrx_word' id='word_1_34' title='bbox 824 1064 1236 1160; x_wconf 84' lang='lat' dir='ltr'>cadaveribus</span> <span class='ocrx_word' id='word_1_35' title='bbox 1282 1069 1501 1133; x_wconf 87' lang='lat' dir='ltr'>multis</span> <span class='ocrx_word' id='word_1_36' title='bbox 1516 1095 1535 1144; x_wconf 77' lang='lat'><em>3</em></span> <span class='ocrx_word' id='word_1_37' title='bbox 1587 1070 1676 1137; x_wconf 87' lang='lat' dir='ltr'>sic</span> <span class='ocrx_word' id='word_1_38' title='bbox 1722 1096 1978 1163; x_wconf 90' lang='lat' dir='ltr'>quoqne</span> <span class='ocrx_word' id='word_1_39' title='bbox 2022 1099 2174 1160; x_wconf 84' lang='lat' dir='ltr'>cor,</span> <span class='ocrx_word' id='word_1_40' title='bbox 2226 1084 2400 1167; x_wconf 85' lang='lat' dir='ltr'>quod</span> <span class='ocrx_word' id='word_1_41' title='bbox 2445 1084 2749 1172; x_wconf 87' lang='lat' dir='ltr'>palatium</span> 
     </span>
     <span class='ocr_line' id='line_1_7' title="bbox 706 1162 2747 1273; baseline 0.012 -46"><span class='ocrx_word' id='word_1_42' title='bbox 706 1162 938 1233; x_wconf 78' lang='lat' dir='ltr'>Christi</span> <span class='ocrx_word' id='word_1_43' title='bbox 989 1180 1126 1241; x_wconf 86' lang='lat' dir='ltr'>est.</span> <span class='ocrx_word' id='word_1_44' title='bbox 1172 1168 1456 1238; x_wconf 76' lang='lat' dir='ltr'><strong>abundat</strong></span> <span class='ocrx_word' id='word_1_45' title='bbox 1508 1174 1875 1244; x_wconf 80' lang='lat' dir='ltr'>omnimoda</span> <span class='ocrx_word' id='word_1_46' title='bbox 1928 1179 2299 1268; x_wconf 87' lang='lat' dir='ltr'>impuritate</span> <span class='ocrx_word' id='word_1_47' title='bbox 2343 1197 2409 1250; x_wconf 87' lang='lat' dir='ltr'>et</span> <span class='ocrx_word' id='word_1_48' title='bbox 2456 1186 2747 1273; x_wconf 81' lang='lat' dir='ltr'>plurimis</span> 
     </span>
     <span class='ocr_line' id='line_1_8' title="bbox 705 1273 2743 1375; baseline 0.011 -40"><span class='ocrx_word' id='word_1_49' title='bbox 705 1273 906 1336; x_wconf 79' lang='lat' dir='ltr'>turbis</span> <span class='ocrx_word' id='word_1_50' title='bbox 938 1296 1279 1361; x_wconf 85' lang='lat' dir='ltr'>pravorum</span> <span class='ocrx_word' id='word_1_51' title='bbox 1327 1278 1684 1367; x_wconf 75' lang='lat' dir='ltr'>spirituum.</span> <span class='ocrx_word' id='word_1_52' title='bbox 1731 1282 2002 1371; x_wconf 78' lang='lat' dir='ltr'><strong>Oportet</strong></span> <span class='ocrx_word' id='word_1_53' title='bbox 2035 1285 2231 1375; x_wconf 49' lang='lat' dir='ltr'>⁴igitur</span> <span class='ocrx_word' id='word_1_54' title='bbox 2265 1290 2328 1355; x_wconf 84' lang='lat' dir='ltr'>id</span> <span class='ocrx_word' id='word_1_55' title='bbox 2371 1292 2743 1368; x_wconf 82' lang='lat' dir='ltr'>restaurari,</span> 
     </span>
     <span class='ocr_line' id='line_1_9' title="bbox 702 1365 2749 1474; baseline 0.01 -33"><span class='ocrx_word' id='word_1_56' title='bbox 702 1388 768 1442; x_wconf 84' lang='lat' dir='ltr'>et</span> <span class='ocrx_word' id='word_1_57' title='bbox 799 1365 1207 1459; x_wconf 71' lang='lat' dir='ltr'>reaedificari,</span> <span class='ocrx_word' id='word_1_58' title='bbox 1254 1403 1327 1448; x_wconf 84' lang='lat' dir='ltr'>ac</span> <span class='ocrx_word' id='word_1_59' title='bbox 1361 1386 1700 1474; x_wconf 76' lang='lat' dir='ltr'>praeparari</span> <span class='ocrx_word' id='word_1_60' title='bbox 1735 1390 2060 1455; x_wconf 81' lang='lat' dir='ltr'>conclavia</span> <span class='ocrx_word' id='word_1_61' title='bbox 2082 1440 2101 1467; x_wconf 90' lang='lat'>,</span> <span class='ocrx_word' id='word_1_62' title='bbox 2142 1404 2208 1457; x_wconf 89' lang='lat' dir='ltr'>et</span> <span class='ocrx_word' id='word_1_63' title='bbox 2239 1394 2550 1461; x_wconf 86' lang='lat' dir='ltr'>cubicula.</span> <span class='ocrx_word' id='word_1_64' title='bbox 2588 1396 2749 1461; x_wconf 86' lang='lat' dir='ltr'>Illuc</span> 
     </span>
     <span class='ocr_line' id='line_1_10' title="bbox 702 1481 2743 1583; baseline 0.008 -37"><span class='ocrx_word' id='word_1_65' title='bbox 702 1481 873 1548; x_wconf 88' lang='lat' dir='ltr'>enim</span> <span class='ocrx_word' id='word_1_66' title='bbox 908 1507 1017 1551; x_wconf 85' lang='lat' dir='ltr'>rex</span> <span class='ocrx_word' id='word_1_67' title='bbox 1050 1485 1337 1554; x_wconf 88' lang='lat' dir='ltr'>Christus</span> <span class='ocrx_word' id='word_1_68' title='bbox 1367 1512 1518 1557; x_wconf 87' lang='lat' dir='ltr'>cum</span> <span class='ocrx_word' id='word_1_69' title='bbox 1555 1490 1813 1581; x_wconf 77' lang='lat' dir='ltr'>Angelis</span> <span class='ocrx_word' id='word_1_70' title='bbox 1844 1506 1907 1559; x_wconf 91' lang='lat' dir='ltr'>et</span> <span class='ocrx_word' id='word_1_71' title='bbox 1932 1494 2270 1583; x_wconf 85' lang='lat' dir='ltr'>Spiritibus</span> <span class='ocrx_word' id='word_1_72' title='bbox 2295 1487 2525 1564; x_wconf 74' lang='lat' dir='ltr'>sanctis</span> <span class='ocrx_word' id='word_1_73' title='bbox 2550 1499 2743 1573; x_wconf 82' lang='lat' dir='ltr'>venit,</span> 
     </span>
     <span class='ocr_line' id='line_1_11' title="bbox 705 1584 2748 1690; baseline 0.01 -42"><span class='ocrx_word' id='word_1_74' title='bbox 705 1596 775 1650; x_wconf 83' lang='lat' dir='ltr'>ut</span> <span class='ocrx_word' id='word_1_75' title='bbox 807 1584 894 1676; x_wconf 84' lang='lat' dir='ltr'>ibi</span> <span class='ocrx_word' id='word_1_76' title='bbox 926 1590 1314 1679; x_wconf 83' lang='lat' dir='ltr'>requiescat,</span> <span class='ocrx_word' id='word_1_77' title='bbox 1345 1594 1592 1663; x_wconf 86' lang='lat' dir='ltr'>habitet</span> <span class='ocrx_word' id='word_1_78' title='bbox 1617 1608 1682 1663; x_wconf 88' lang='lat' dir='ltr'>et</span> <span class='ocrx_word' id='word_1_79' title='bbox 1714 1599 2066 1667; x_wconf 79' lang='lat' dir='ltr'>inambulet</span> <span class='ocrx_word' id='word_1_80' title='bbox 2099 1614 2288 1690; x_wconf 87' lang='lat' dir='ltr'>atque</span> <span class='ocrx_word' id='word_1_81' title='bbox 2311 1605 2583 1669; x_wconf 87' lang='lat' dir='ltr'>collocet</span> <span class='ocrx_word' id='word_1_82' title='bbox 2610 1625 2748 1690; x_wconf 82' lang='lat' dir='ltr'>reg-</span> 
     </span>
     <span class='ocr_line' id='line_1_12' title="bbox 702 1698 2752 1796; baseline 0.007 -41"><span class='ocrx_word' id='word_1_83' title='bbox 702 1712 857 1757; x_wconf 91' lang='lat' dir='ltr'>num</span> <span class='ocrx_word' id='word_1_84' title='bbox 888 1716 1094 1761; x_wconf 88' lang='lat' dir='ltr'>suum.</span> <span class='ocrx_word' id='word_1_85' title='bbox 1135 1698 1295 1763; x_wconf 86' lang='lat' dir='ltr'>Dico</span> <span class='ocrx_word' id='word_1_86' title='bbox 1332 1714 1581 1776; x_wconf 88' lang='lat' dir='ltr'>autem,</span> <span class='ocrx_word' id='word_1_87' title='bbox 1618 1705 1879 1788; x_wconf 75' lang='lat' dir='ltr'>perinde</span> <span class='ocrx_word' id='word_1_88' title='bbox 1912 1727 1984 1767; x_wconf 89' lang='lat' dir='ltr'>ae</span> <span class='ocrx_word' id='word_1_89' title='bbox 2025 1706 2075 1766; x_wconf 83' lang='lat' dir='ltr'>si</span> <span class='ocrx_word' id='word_1_90' title='bbox 2112 1705 2285 1768; x_wconf 83' lang='lat' dir='ltr'>navis</span> <span class='ocrx_word' id='word_1_91' title='bbox 2318 1709 2522 1772; x_wconf 83' lang='lat' dir='ltr'>multo</span> <span class='ocrx_word' id='word_1_92' title='bbox 2554 1729 2752 1796; x_wconf 81' lang='lat' dir='ltr'>appa-</span> 
     </span>
     <span class='ocr_line' id='line_1_13' title="bbox 705 1796 2754 1902; baseline 0.01 -47"><span class='ocrx_word' id='word_1_93' title='bbox 705 1805 848 1857; x_wconf 83' lang='lat' dir='ltr'>ratu</span> <span class='ocrx_word' id='word_1_94' title='bbox 881 1796 1190 1863; x_wconf 84' lang='lat' dir='ltr'>instructa</span> <span class='ocrx_word' id='word_1_95' title='bbox 1220 1802 1335 1875; x_wconf 88' lang='lat' dir='ltr'>sit,</span> <span class='ocrx_word' id='word_1_96' title='bbox 1372 1802 1436 1864; x_wconf 89' lang='lat' dir='ltr'>in</span> <span class='ocrx_word' id='word_1_97' title='bbox 1477 1826 1599 1888; x_wconf 91' lang='lat' dir='ltr'>qua</span> <span class='ocrx_word' id='word_1_98' title='bbox 1634 1805 2024 1890; x_wconf 76' lang='lat' dir='ltr'>gubernator</span> <span class='ocrx_word' id='word_1_99' title='bbox 2071 1818 2243 1891; x_wconf 85' lang='lat' dir='ltr'>regat</span> <span class='ocrx_word' id='word_1_100' title='bbox 2286 1819 2349 1868; x_wconf 90' lang='lat' dir='ltr'>et</span> <span class='ocrx_word' id='word_1_101' title='bbox 2381 1812 2754 1902; x_wconf 61' lang='lat' dir='ltr'>moder-ctu!-</span> 
     </span>
     <span class='ocr_line' id='line_1_14' title="bbox 703 1899 2752 1997; baseline 0.01 -36"><span class='ocrx_word' id='word_1_102' title='bbox 703 1917 955 1989; x_wconf 81' lang='lat' dir='ltr'>omnes‚</span> <span class='ocrx_word' id='word_1_103' title='bbox 993 1899 1108 1965; x_wconf 88' lang='lat' dir='ltr'>hos</span> <span class='ocrx_word' id='word_1_104' title='bbox 1140 1903 1397 1987; x_wconf 88' lang='lat' dir='ltr'>quidem</span> <span class='ocrx_word' id='word_1_105' title='bbox 1428 1906 1953 1994; x_wconf 85' lang='lat' dir='ltr'>objurgans,illos</span> <span class='ocrx_word' id='word_1_106' title='bbox 1986 1929 2134 1973; x_wconf 81' lang='lat' dir='ltr'>vero</span> <span class='ocrx_word' id='word_1_107' title='bbox 2170 1908 2476 1997; x_wconf 81' lang='lat' dir='ltr'>dirigens:</span> <span class='ocrx_word' id='word_1_108' title='bbox 2517 1917 2752 1983; x_wconf 80' lang='lat' dir='ltr'>eodem</span> 
     </span>
     <span class='ocr_line' id='line_1_15' title="bbox 702 1987 2748 2099; baseline 0.008 -31"><span class='ocrx_word' id='word_1_109' title='bbox 702 1987 894 2068; x_wconf 82' lang='lat' dir='ltr'>modo</span> <span class='ocrx_word' id='word_1_110' title='bbox 938 2025 1006 2066; x_wconf 85' lang='lat' dir='ltr'>se</span> <span class='ocrx_word' id='word_1_111' title='bbox 1054 2003 1247 2070; x_wconf 85' lang='lat' dir='ltr'>habet</span> <span class='ocrx_word' id='word_1_112' title='bbox 1298 2027 1436 2081; x_wconf 87' lang='lat' dir='ltr'>cor.</span> <span class='ocrx_word' id='word_1_113' title='bbox 1485 2032 1602 2096; x_wconf 91' lang='lat' dir='ltr'>pro</span> <span class='ocrx_word' id='word_1_114' title='bbox 1656 2011 2081 2099; x_wconf 79' lang='lat' dir='ltr'>gubernatore</span> <span class='ocrx_word' id='word_1_115' title='bbox 2126 2011 2368 2080; x_wconf 88' lang='lat' dir='ltr'>babens</span> <span class='ocrx_word' id='word_1_116' title='bbox 2420 2028 2707 2083; x_wconf 88' lang='lat' dir='ltr'>mentem</span> <span class='ocrx_word' id='word_1_117' title='bbox 2729 2069 2748 2093; x_wconf 86' lang='lat'><em>,</em></span> 
     </span>
     <span class='ocr_line' id='line_1_16' title="bbox 698 2101 2747 2205; baseline 0.01 -38"><span class='ocrx_word' id='word_1_118' title='bbox 698 2101 1148 2174; x_wconf 86' lang='lat' dir='ltr'>conscientiam</span> <span class='ocrx_word' id='word_1_119' title='bbox 1191 2124 1559 2198; x_wconf 84' lang='lat' dir='ltr'>arguentem</span> <span class='ocrx_word' id='word_1_120' title='bbox 1583 2164 1601 2190; x_wconf 87' lang='lat'>‚</span> <span class='ocrx_word' id='word_1_121' title='bbox 1655 2115 2067 2205; x_wconf 81' lang='lat' dir='ltr'>cogitationes</span> <span class='ocrx_word' id='word_1_122' title='bbox 2109 2130 2478 2183; x_wconf 76' lang='lat' dir='ltr'>accusantes</span> <span class='ocrx_word' id='word_1_123' title='bbox 2513 2141 2589 2185; x_wconf 89' lang='lat' dir='ltr'>ac</span> <span class='ocrx_word' id='word_1_124' title='bbox 2626 2123 2747 2186; x_wconf 85' lang='lat' dir='ltr'>de-</span> 
     </span>
     <span class='ocr_line' id='line_1_17' title="bbox 693 2207 2747 2312; baseline 0.01 -40"><span class='ocrx_word' id='word_1_125' title='bbox 693 2207 1022 2278; x_wconf 75' lang='lat' dir='ltr'>fendentes</span> <span class='ocrx_word' id='word_1_126' title='bbox 1052 2236 1068 2276; x_wconf 74' lang='grc' dir='ltr'><strong><em>ε</em></strong></span> <span class='ocrx_word' id='word_1_127' title='bbox 1107 2214 1309 2303; x_wconf 90' lang='lat' dir='ltr'>inquit</span> <span class='ocrx_word' id='word_1_128' title='bbox 1339 2219 1512 2285; x_wconf 88' lang='lat' dir='ltr'>enim</span> <span class='ocrx_word' id='word_1_129' title='bbox 1543 2246 1559 2284; x_wconf 72' lang='grc' dir='ltr'><strong><em>ε</em></strong></span> <span class='ocrx_word' id='word_1_130' title='bbox 1595 2249 1620 2281; x_wconf 76' lang='grc' dir='ltr'>ι</span> <span class='ocrx_word' id='word_1_131' title='bbox 1646 2221 2149 2312; x_wconf 78' lang='lat' dir='ltr'>cogitationibus</span> <span class='ocrx_word' id='word_1_132' title='bbox 2181 2223 2349 2291; x_wconf 84' lang='lat' dir='ltr'>inter</span> <span class='ocrx_word' id='word_1_133' title='bbox 2371 2250 2438 2291; x_wconf 89' lang='lat' dir='ltr'>se</span> <span class='ocrx_word' id='word_1_134' title='bbox 2473 2226 2747 2294; x_wconf 83' lang='lat' dir='ltr'>invicem</span> 
     </span>
     <span class='ocr_line' id='line_1_18' title="bbox 701 2317 1917 2392; baseline 0.012 -18"><span class='ocrx_word' id='word_1_135' title='bbox 701 2337 728 2372; x_wconf 71' lang='grc' dir='ltr'><strong>ι</strong></span> <span class='ocrx_word' id='word_1_136' title='bbox 746 2317 1192 2384; x_wconf 79' lang='lat' dir='ltr'>accusantibus</span> <span class='ocrx_word' id='word_1_137' title='bbox 1220 2333 1286 2387; x_wconf 89' lang='lat' dir='ltr'>et</span> <span class='ocrx_word' id='word_1_138' title='bbox 1313 2323 1863 2392; x_wconf 80' lang='lat' dir='ltr'>defendentibus¹.</span> <span class='ocrx_word' id='word_1_139' title='bbox 1892 2355 1917 2388; x_wconf 70' lang='grc' dir='ltr'><strong><em>ι</em></strong></span> 
     </span>
     <span class='ocr_line' id='line_1_19' title="bbox 724 2419 2743 2527; baseline 0.008 -40"><span class='ocrx_word' id='word_1_140' title='bbox 724 2498 729 2511; x_wconf 28' lang='lat'>1</span> <span class='ocrx_word' id='word_1_141' title='bbox 790 2419 1096 2493; x_wconf 87' lang='lat' dir='ltr'>XXXIV.</span> <span class='ocrx_word' id='word_1_142' title='bbox 1151 2426 1346 2499; x_wconf 85' lang='lat' dir='ltr'>Vides</span> <span class='ocrx_word' id='word_1_143' title='bbox 1370 2434 1823 2502; x_wconf 89' lang='lat' dir='ltr'>conscientiam</span> <span class='ocrx_word' id='word_1_144' title='bbox 1854 2457 1981 2500; x_wconf 88' lang='lat' dir='ltr'>non</span> <span class='ocrx_word' id='word_1_145' title='bbox 2007 2436 2356 2527; x_wconf 86' lang='lat' dir='ltr'>approbare</span> <span class='ocrx_word' id='word_1_146' title='bbox 2378 2437 2743 2525; x_wconf 80' lang='lat' dir='ltr'>hujusmodi</span> 
     </span>
     <span class='ocr_line' id='line_1_20' title="bbox 703 2526 2734 2631; baseline 0.008 -42"><span class='ocrx_word' id='word_1_147' title='bbox 703 2526 1115 2616; x_wconf 83' lang='lat' dir='ltr'>cogitationes</span> <span class='ocrx_word' id='word_1_148' title='bbox 1129 2582 1147 2608; x_wconf 89' lang='lat'>,</span> <span class='ocrx_word' id='word_1_149' title='bbox 1167 2558 1304 2623; x_wconf 82' lang='lat' dir='ltr'>quae</span> <span class='ocrx_word' id='word_1_150' title='bbox 1317 2553 1582 2624; x_wconf 84' lang='lat' dir='ltr'>peccato</span> <span class='ocrx_word' id='word_1_151' title='bbox 1601 2541 2076 2628; x_wconf 88' lang='lat' dir='ltr'>obtemperant,</span> <span class='ocrx_word' id='word_1_152' title='bbox 2093 2545 2206 2607; x_wconf 85' lang='lat' dir='ltr'>sed</span> <span class='ocrx_word' id='word_1_153' title='bbox 2220 2542 2426 2608; x_wconf 89' lang='lat' dir='ltr'>statim</span> <span class='ocrx_word' id='word_1_154' title='bbox 2455 2564 2734 2631; x_wconf 77' lang='lat' dir='ltr'>arguere.</span> 
     </span>
     <span class='ocr_line' id='line_1_21' title="bbox 699 2625 2743 2733; baseline 0.008 -39"><span class='ocrx_word' id='word_1_155' title='bbox 699 2625 837 2697; x_wconf 87' lang='lat' dir='ltr'>Non</span> <span class='ocrx_word' id='word_1_156' title='bbox 852 2633 1022 2701; x_wconf 88' lang='lat' dir='ltr'>enim</span> <span class='ocrx_word' id='word_1_157' title='bbox 1034 2641 1362 2715; x_wconf 87' lang='lat' dir='ltr'>mentitur,</span> <span class='ocrx_word' id='word_1_158' title='bbox 1381 2643 1528 2728; x_wconf 91' lang='lat' dir='ltr'>quia</span> <span class='ocrx_word' id='word_1_159' title='bbox 1545 2643 1698 2728; x_wconf 81' lang='lat' dir='ltr'>quid</span> <span class='ocrx_word' id='word_1_160' title='bbox 1713 2641 1959 2705; x_wconf 88' lang='lat' dir='ltr'>dictura</span> <span class='ocrx_word' id='word_1_161' title='bbox 1979 2642 2058 2704; x_wconf 86' lang='lat' dir='ltr'>sit</span> <span class='ocrx_word' id='word_1_162' title='bbox 2071 2664 2285 2708; x_wconf 88' lang='lat' dir='ltr'>coram</span> <span class='ocrx_word' id='word_1_163' title='bbox 2305 2646 2439 2711; x_wconf 92' lang='lat' dir='ltr'>Deo</span> <span class='ocrx_word' id='word_1_164' title='bbox 2459 2646 2522 2712; x_wconf 92' lang='lat' dir='ltr'>in</span> <span class='ocrx_word' id='word_1_165' title='bbox 2542 2646 2743 2733; x_wconf 84' lang='lat' dir='ltr'>‹lieju-</span> 
     </span>
     <span class='ocr_line' id='line_1_22' title="bbox 708 2732 2742 2831; baseline 0.008 -33"><span class='ocrx_word' id='word_1_166' title='bbox 708 2732 856 2800; x_wconf 87' lang='lat' dir='ltr'>dicii</span> <span class='ocrx_word' id='word_1_167' title='bbox 892 2741 1266 2819; x_wconf 81' lang='lat' dir='ltr'>testificatur</span> <span class='ocrx_word' id='word_1_168' title='bbox 1290 2756 1588 2830; x_wconf 89' lang='lat' dir='ltr'>tanquam</span> <span class='ocrx_word' id='word_1_169' title='bbox 1615 2742 1918 2807; x_wconf 83' lang='lat' dir='ltr'>continue</span> <span class='ocrx_word' id='word_1_170' title='bbox 1951 2744 2439 2831; x_wconf 86' lang='lat' dir='ltr'>reprehendens.</span> <span class='ocrx_word' id='word_1_171' title='bbox 2477 2749 2742 2815; x_wconf 80' lang='lat' dir='ltr'>Perinde</span> 
     </span>
     <span class='ocr_line' id='line_1_23' title="bbox 678 2843 2737 2942; baseline 0.008 -37"><span class='ocrx_word' id='word_1_172' title='bbox 678 2862 776 2907; x_wconf 47' lang='lat' dir='ltr'>2ac</span> <span class='ocrx_word' id='word_1_173' title='bbox 800 2843 851 2908; x_wconf 89' lang='lat' dir='ltr'>si</span> <span class='ocrx_word' id='word_1_174' title='bbox 867 2844 946 2910; x_wconf 89' lang='lat' dir='ltr'>sit</span> <span class='ocrx_word' id='word_1_175' title='bbox 971 2869 1228 2921; x_wconf 85' lang='lat' dir='ltr'>currus,</span> <span class='ocrx_word' id='word_1_176' title='bbox 1258 2858 1321 2912; x_wconf 89' lang='lat' dir='ltr'>ct</span> <span class='ocrx_word' id='word_1_177' title='bbox 1347 2847 1555 2919; x_wconf 81' lang='lat' dir='ltr'>frena,</span> <span class='ocrx_word' id='word_1_178' title='bbox 1584 2843 1871 2910; x_wconf 86' lang='lat' dir='ltr'>animalia</span> <span class='ocrx_word' id='word_1_179' title='bbox 1890 2894 1906 2920; x_wconf 88' lang='lat'><strong>,</strong></span> <span class='ocrx_word' id='word_1_180' title='bbox 1927 2859 1990 2912; x_wconf 91' lang='lat' dir='ltr'>et</span> <span class='ocrx_word' id='word_1_181' title='bbox 2021 2851 2227 2916; x_wconf 90' lang='lat' dir='ltr'>omnis</span> <span class='ocrx_word' id='word_1_182' title='bbox 2260 2850 2602 2942; x_wconf 82' lang='lat' dir='ltr'>apparatus</span> <span class='ocrx_word' id='word_1_183' title='bbox 2625 2855 2737 2920; x_wconf 81' lang='lat' dir='ltr'>sub</span> 
     </span>
     <span class='ocr_line' id='line_1_24' title="bbox 705 2949 2738 3042; baseline 0.007 -31"><span class='ocrx_word' id='word_1_184' title='bbox 705 2970 833 3012; x_wconf 90' lang='lat' dir='ltr'>uno</span> <span class='ocrx_word' id='word_1_185' title='bbox 845 2952 1244 3027; x_wconf 82' lang='lat' dir='ltr'>moderatore</span> <span class='ocrx_word' id='word_1_186' title='bbox 1270 2960 1429 3025; x_wconf 61' lang='lat' dir='ltr'>sunt</span> <span class='ocrx_word' id='word_1_187' title='bbox 1457 2970 1474 3011; x_wconf 72' lang='grc' dir='ltr'><strong><em>ε</em></strong></span> <span class='ocrx_word' id='word_1_188' title='bbox 1517 2949 1774 3035; x_wconf 84' lang='lat' dir='ltr'>quando</span> <span class='ocrx_word' id='word_1_189' title='bbox 1804 2973 1954 3039; x_wconf 85' lang='lat' dir='ltr'>ergo</span> <span class='ocrx_word' id='word_1_190' title='bbox 1992 2953 2049 3018; x_wconf 94' lang='lat' dir='ltr'>ei</span> <span class='ocrx_word' id='word_1_191' title='bbox 2075 2956 2315 3042; x_wconf 87' lang='lat' dir='ltr'>placet,</span> <span class='ocrx_word' id='word_1_192' title='bbox 2347 2955 2738 3024; x_wconf 83' lang='lat' dir='ltr'>velocissimo</span> 
     </span>
     <span class='ocr_line' id='line_1_25' title="bbox 704 3052 2743 3147; baseline 0.006 -32"><span class='ocrx_word' id='word_1_193' title='bbox 704 3073 896 3115; x_wconf 86' lang='lat' dir='ltr'>cursu</span> <span class='ocrx_word' id='word_1_194' title='bbox 913 3052 1163 3116; x_wconf 83' lang='lat' dir='ltr'>vehitur</span> <span class='ocrx_word' id='word_1_195' title='bbox 1180 3074 1212 3116; x_wconf 86' lang='lat' dir='ltr'>a</span> <span class='ocrx_word' id='word_1_196' title='bbox 1232 3073 1463 3127; x_wconf 83' lang='lat' dir='ltr'>curru3</span> <span class='ocrx_word' id='word_1_197' title='bbox 1491 3055 1747 3140; x_wconf 89' lang='lat' dir='ltr'>quando</span> <span class='ocrx_word' id='word_1_198' title='bbox 1769 3078 1918 3120; x_wconf 85' lang='lat' dir='ltr'>vero</span> <span class='ocrx_word' id='word_1_199' title='bbox 1951 3058 2010 3122; x_wconf 91' lang='lat' dir='ltr'>ei</span> <span class='ocrx_word' id='word_1_200' title='bbox 2031 3061 2275 3147; x_wconf 89' lang='lat' dir='ltr'>placet,</span> <span class='ocrx_word' id='word_1_201' title='bbox 2311 3057 2491 3123; x_wconf 82' lang='lat' dir='ltr'>aliter</span> <span class='ocrx_word' id='word_1_202' title='bbox 2509 3063 2743 3128; x_wconf 83' lang='lat' dir='ltr'>retinet</span> 
     </span>
     <span class='ocr_line' id='line_1_26' title="bbox 702 3145 2735 3250; baseline 0.006 -32"><span class='ocrx_word' id='word_1_203' title='bbox 702 3153 881 3218; x_wconf 90' lang='lat' dir='ltr'>illum</span> <span class='ocrx_word' id='word_1_204' title='bbox 899 3176 916 3218; x_wconf 73' lang='grc' dir='ltr'><strong><em>ε</em></strong></span> <span class='ocrx_word' id='word_1_205' title='bbox 934 3156 1144 3221; x_wconf 83' lang='lat' dir='ltr'>denuo</span> <span class='ocrx_word' id='word_1_206' title='bbox 1160 3156 1270 3222; x_wconf 88' lang='lat' dir='ltr'>ubi</span> <span class='ocrx_word' id='word_1_207' title='bbox 1282 3157 1491 3245; x_wconf 88' lang='lat' dir='ltr'>placet</span> <span class='ocrx_word' id='word_1_208' title='bbox 1509 3145 1654 3224; x_wconf 78' lang='lat' dir='ltr'>eum</span> <span class='ocrx_word' id='word_1_209' title='bbox 1674 3175 2065 3237; x_wconf 78' lang='lat' dir='ltr'>convertere,</span> <span class='ocrx_word' id='word_1_210' title='bbox 2086 3161 2173 3226; x_wconf 90' lang='lat' dir='ltr'>ibi</span> <span class='ocrx_word' id='word_1_211' title='bbox 2191 3163 2477 3250; x_wconf 83' lang='lat' dir='ltr'>sequitur</span> <span class='ocrx_word' id='word_1_212' title='bbox 2487 3187 2735 3240; x_wconf 63' lang='grc' dir='ltr'>σοι-ωας</span> 
     </span>
     <span class='ocr_line' id='line_1_27' title="bbox 708 3260 2740 3361; baseline 0.006 -36"><span class='ocrx_word' id='word_1_213' title='bbox 708 3270 876 3325; x_wconf 84' lang='lat' dir='ltr'>totus</span> <span class='ocrx_word' id='word_1_214' title='bbox 910 3260 1098 3350; x_wconf 85' lang='lat' dir='ltr'>igitur</span> <span class='ocrx_word' id='word_1_215' title='bbox 1121 3286 1355 3329; x_wconf 20' lang='lat' dir='ltr'>currus*</span> <span class='ocrx_word' id='word_1_216' title='bbox 1375 3266 1494 3332; x_wconf 89' lang='lat' dir='ltr'>sub</span> <span class='ocrx_word' id='word_1_217' title='bbox 1520 3278 1826 3355; x_wconf 82' lang='lat' dir='ltr'>potestate</span> <span class='ocrx_word' id='word_1_218' title='bbox 1856 3267 2178 3358; x_wconf 83' lang='lat' dir='ltr'>dirigentis</span> <span class='ocrx_word' id='word_1_219' title='bbox 2201 3282 2301 3335; x_wconf 91' lang='lat' dir='ltr'>est</span> <span class='ocrx_word' id='word_1_220' title='bbox 2329 3293 2344 3334; x_wconf 73' lang='grc' dir='ltr'><strong>ε</strong></span> <span class='ocrx_word' id='word_1_221' title='bbox 2374 3271 2465 3337; x_wconf 87' lang='lat' dir='ltr'>sic</span> <span class='ocrx_word' id='word_1_222' title='bbox 2488 3294 2740 3361; x_wconf 86' lang='lat' dir='ltr'>quoque</span> 
     </span>
     <span class='ocr_line' id='line_1_28' title="bbox 707 3348 2735 3461; baseline 0.006 -31"><span class='ocrx_word' id='word_1_223' title='bbox 707 3348 820 3447; x_wconf 77' lang='lat' dir='ltr'>cor</span> <span class='ocrx_word' id='word_1_224' title='bbox 849 3364 1041 3432; x_wconf 89' lang='lat' dir='ltr'>habet</span> <span class='ocrx_word' id='word_1_225' title='bbox 1073 3371 1301 3435; x_wconf 90' lang='lat' dir='ltr'>multas</span> <span class='ocrx_word' id='word_1_226' title='bbox 1334 3371 1745 3461; x_wconf 81' lang='lat' dir='ltr'>cogitationes</span> <span class='ocrx_word' id='word_1_227' title='bbox 1774 3368 2091 3440; x_wconf 81' lang='lat' dir='ltr'>naturales</span> <span class='ocrx_word' id='word_1_228' title='bbox 2110 3422 2130 3449; x_wconf 85' lang='lat'><strong>,</strong></span> <span class='ocrx_word' id='word_1_229' title='bbox 2169 3374 2561 3442; x_wconf 83' lang='lat' dir='ltr'>adhaerentes</span> <span class='ocrx_word' id='word_1_230' title='bbox 2584 3377 2735 3452; x_wconf 87' lang='lat' dir='ltr'>sibi,</span> 
     </span>
     <span class='ocr_line' id='line_1_29' title="bbox 704 3472 2732 3571; baseline 0.006 -39"><span class='ocrx_word' id='word_1_231' title='bbox 704 3488 885 3545; x_wconf 74' lang='lat' dir='ltr'>mens</span> <span class='ocrx_word' id='word_1_232' title='bbox 915 3483 1127 3537; x_wconf 85' lang='lat' dir='ltr'>autem</span> <span class='ocrx_word' id='word_1_233' title='bbox 1159 3484 1225 3538; x_wconf 90' lang='lat' dir='ltr'>et</span> <span class='ocrx_word' id='word_1_234' title='bbox 1254 3476 1637 3559; x_wconf 83' lang='lat' dir='ltr'>conscicntia</span> <span class='ocrx_word' id='word_1_235' title='bbox 1671 3472 2142 3566; x_wconf 81' lang='lat' dir='ltr'>reprehendunt</span> <span class='ocrx_word' id='word_1_236' title='bbox 2175 3490 2241 3543; x_wconf 88' lang='lat' dir='ltr'>et</span> <span class='ocrx_word' id='word_1_237' title='bbox 2278 3479 2557 3571; x_wconf 80' lang='lat' dir='ltr'>dirigunt</span> <span class='ocrx_word' id='word_1_238' title='bbox 2588 3503 2732 3555; x_wconf 86' lang='lat' dir='ltr'>cor,</span> 
     </span>
     <span class='ocr_line' id='line_1_30' title="bbox 710 3576 2735 3668; baseline 0.007 -33"><span class='ocrx_word' id='word_1_239' title='bbox 710 3581 896 3661; x_wconf 74' lang='lat' dir='ltr'>atque</span> <span class='ocrx_word' id='word_1_240' title='bbox 919 3576 1173 3663; x_wconf 85' lang='lat' dir='ltr'>sopiunt</span> <span class='ocrx_word' id='word_1_241' title='bbox 1194 3591 1259 3644; x_wconf 92' lang='lat' dir='ltr'>et</span> <span class='ocrx_word' id='word_1_242' title='bbox 1281 3581 1504 3646; x_wconf 89' lang='lat' dir='ltr'>sedant</span> <span class='ocrx_word' id='word_1_243' title='bbox 1525 3584 1838 3646; x_wconf 87' lang='lat' dir='ltr'>naturales</span> <span class='ocrx_word' id='word_1_244' title='bbox 1863 3581 2271 3668; x_wconf 82' lang='lat' dir='ltr'>cogitationes</span> <span class='ocrx_word' id='word_1_245' title='bbox 2298 3583 2358 3648; x_wconf 89' lang='lat' dir='ltr'>in</span> <span class='ocrx_word' id='word_1_246' title='bbox 2384 3585 2735 3649; x_wconf 64' lang='lat' dir='ltr'>cot-desca-</span> 
     </span>
     <span class='ocr_line' id='line_1_31' title="bbox 705 3676 2725 3775; baseline 0.007 -36"><span class='ocrx_word' id='word_1_247' title='bbox 705 3676 1030 3744; x_wconf 85' lang='lat' dir='ltr'>turieutes.</span> <span class='ocrx_word' id='word_1_248' title='bbox 1068 3681 1349 3751; x_wconf 88' lang='lat' dir='ltr'>Membra</span> <span class='ocrx_word' id='word_1_249' title='bbox 1380 3686 1551 3752; x_wconf 87' lang='lat' dir='ltr'>enim</span> <span class='ocrx_word' id='word_1_250' title='bbox 1581 3687 1760 3773; x_wconf 90' lang='lat' dir='ltr'>plura</span> <span class='ocrx_word' id='word_1_251' title='bbox 1793 3685 1987 3750; x_wconf 90' lang='lat' dir='ltr'>habet</span> <span class='ocrx_word' id='word_1_252' title='bbox 2017 3685 2223 3751; x_wconf 87' lang='lat' dir='ltr'>anima</span> <span class='ocrx_word' id='word_1_253' title='bbox 2245 3735 2263 3763; x_wconf 83' lang='lat'>‚</span> <span class='ocrx_word' id='word_1_254' title='bbox 2289 3688 2441 3775; x_wconf 86' lang='lat' dir='ltr'>licet</span> <span class='ocrx_word' id='word_1_255' title='bbox 2478 3711 2601 3757; x_wconf 86' lang='lat' dir='ltr'>una</span> <span class='ocrx_word' id='word_1_256' title='bbox 2630 3689 2725 3754; x_wconf 85' lang='lat' dir='ltr'>sit.</span> 
     </span>
    </p>

    <p class='ocr_par' dir='ltr' id='par_1_4' title="bbox 707 3768 2745 3997">
     <span class='ocr_line' id='line_1_32' title="bbox 791 3768 2729 3880; baseline 0.006 -32"><span class='ocrx_word' id='word_1_257' title='bbox 791 3780 1062 3861; x_wconf 85' lang='lat' dir='ltr'><strong>XXXV.</strong></span> <span class='ocrx_word' id='word_1_258' title='bbox 1084 3786 1177 3853; x_wconf 83' lang='lat' dir='ltr'>Ex</span> <span class='ocrx_word' id='word_1_259' title='bbox 1200 3768 1325 3880; x_wconf 58' lang='lat' dir='ltr'>(juo</span> <span class='ocrx_word' id='word_1_260' title='bbox 1346 3792 1518 3857; x_wconf 87' lang='lat' dir='ltr'>enim</span> <span class='ocrx_word' id='word_1_261' title='bbox 1543 3803 1969 3879; x_wconf 84' lang='lat' dir='ltr'>transgressus</span> <span class='ocrx_word' id='word_1_262' title='bbox 1993 3802 2089 3855; x_wconf 87' lang='lat' dir='ltr'>est</span> <span class='ocrx_word' id='word_1_263' title='bbox 2109 3790 2312 3858; x_wconf 84' lang='lat' dir='ltr'>Adam</span> <span class='ocrx_word' id='word_1_264' title='bbox 2337 3793 2729 3868; x_wconf 84' lang='lat' dir='ltr'>mandatum,</span> 
     </span>
     <span class='ocr_line' id='line_1_33' title="bbox 707 3885 2745 3997; baseline 0.008 -49"><span class='ocrx_word' id='word_1_265' title='bbox 707 3885 971 3955; x_wconf 84' lang='lat' dir='ltr'>accessit</span> <span class='ocrx_word' id='word_1_266' title='bbox 998 3914 1288 3982; x_wconf 83' lang='lat' dir='ltr'>serpens,</span> <span class='ocrx_word' id='word_1_267' title='bbox 1323 3894 1744 3980; x_wconf 84' lang='lat' dir='ltr'>dominusque</span> <span class='ocrx_word' id='word_1_268' title='bbox 1776 3894 1978 3961; x_wconf 86' lang='lat' dir='ltr'>sactus</span> <span class='ocrx_word' id='word_1_269' title='bbox 2019 3908 2114 3964; x_wconf 86' lang='lat' dir='ltr'>est</span> <span class='ocrx_word' id='word_1_270' title='bbox 2153 3899 2382 3965; x_wconf 85' lang='lat' dir='ltr'>domus</span> <span class='ocrx_word' id='word_1_271' title='bbox 2404 3949 2421 3974; x_wconf 86' lang='lat'>‚</span> <span class='ocrx_word' id='word_1_272' title='bbox 2469 3912 2546 3997; x_wconf 3' lang='lat' dir='ltr'>etp</span> <span class='ocrx_word' id='word_1_273' title='bbox 2569 3900 2745 3964; x_wconf 85' lang='lat' dir='ltr'>velut</span> 
     </span>
    </p>
   </div>
   <div class='ocr_carea' id='block_1_4' title="bbox 781 4022 1153 4084">
    <p class='ocr_par' dir='ltr' id='par_1_5' title="bbox 781 4022 1153 4084">
     <span class='ocr_line' id='line_1_34' title="bbox 781 4022 1153 4084; baseline 0.013 -14"><span class='ocrx_word' id='word_1_274' title='bbox 781 4035 791 4059; x_wconf 88' lang='lat'>¹</span> <span class='ocrx_word' id='word_1_275' title='bbox 827 4022 965 4073; x_wconf 83' lang='lat' dir='ltr'>Rom.</span> <span class='ocrx_word' id='word_1_276' title='bbox 996 4041 1051 4084; x_wconf 78' lang='grc' dir='ltr'>ιι,</span> <span class='ocrx_word' id='word_1_277' title='bbox 1084 4029 1153 4079; x_wconf 65' lang='lat' dir='ltr'>nst,</span> 
     </span>
    </p>
   </div>
  </div>
 </body>
</html>
