2982 4885
623 449 746 548 160
1290 471 1338 521 s.
1395 469 1660 552 uicum
1701 463 1973 538 quornm

610 626 759 670 eum
775 608 1079 690 perpetuo
1105 591 1168 661 in
1199 594 1486 663 oratione
1519 614 1962 687 perseverare,
1996 590 2061 656 in
2086 581 2334 676 fideque
2364 588 2658 678 expectat

614 706 963 773 Dominum
983 754 1001 781 ,
1032 697 1456 770 visitationem
1481 715 1547 769 et
1572 703 1874 770 auxilium
1898 700 2036 789 ojus
2060 719 2302 787 semper
2325 708 2658 784 expectan-

615 824 769 887 tem,
790 830 1184 900 scopumque
1197 808 1427 875 mentis
1445 832 1575 874 suae
1599 830 1676 874 eo
1699 829 1953 898 semper
1976 804 2377 893 dirigentem.
2414 800 2659 867 Deinde

614 918 999 1037 compellere
1023 927 1272 1004 oportet
1316 939 1382 980 se
1426 915 1634 1006 ipsum
1668 917 1747 982 ad
1779 936 1972 979 omne
1995 933 2152 1001 opus
2182 910 2422 976 bonum
2441 957 2460 984 ,
2494 919 2559 973 et
2580 907 2658 972 ad

616 1023 828 1089 omnia
857 1021 1153 1087 mandata
1186 1020 1478 1096 Domini,
1514 1032 1778 1111 propter
1811 1019 2099 1085 innatum
2142 1014 2263 1100 sibi
2293 1024 2649 1137 peccatum.

614 1126 826 1197 Veluti
881 1128 1221 1216 compellat
1260 1150 1329 1221 se
1361 1127 1571 1216 ipsum
1610 1127 1692 1192 ad
1740 1124 2189 1192 demissionem
2223 1120 2416 1185 animi
2446 1139 2660 1184 coram

619 1234 914 1299 omnibus
946 1232 1345 1309 hominibus,
1374 1253 1447 1296 ac
1479 1254 1547 1297 se
1573 1228 1936 1296 inferiorem
1969 1241 2035 1295 et
2070 1225 2481 1314 abjectiorem
2512 1222 2664 1288 exis·

622 1340 840 1416 timet,
866 1360 994 1404 non
1027 1359 1317 1427 quaerens
1339 1338 1689 1413 bonorem,
1715 1338 2004 1411 laudem,
2035 1346 2142 1399 aut
2165 1332 2432 1422 gloriam
2457 1353 2490 1395 a
2513 1349 2664 1417 qno-

621 1467 813 1534 quam
848 1445 1217 1522 hominum,
1254 1446 1412 1511 utin
1446 1443 1785 1532 Evangelio
1818 1443 2129 1532 scriptum
2156 1452 2288 1507 est:
2318 1439 2431 1504 sed
2459 1437 2666 1502 solum

623 1548 973 1618 Dominum
1007 1575 1259 1641 semper
1289 1553 1373 1617 ob
1403 1554 1625 1618 oculos
1659 1531 1893 1618 habeat
1913 1600 1930 1627 ,
1963 1560 2029 1615 et
2059 1547 2358 1614 mandata
2389 1543 2525 1631 ejus
2546 1539 2666 1628 ipsi
2687 1525 2700 1539 ⁵

626 1657 741 1722 soli
795 1659 1043 1746 placere
1098 1659 1356 1724 studens
1402 1657 1477 1742 in¹
1518 1655 2007 1723 mansuetudine
2056 1651 2302 1724 cordis,
2353 1660 2424 1713 ut
2471 1643 2670 1732 inquit

627 1759 976 1825 Dominus:
1001 1786 1025 1817 ι
1043 1759 1278 1824 Discite
1304 1781 1336 1821 a
1369 1782 1472 1848 mc
1499 1760 1673 1843 quod
1693 1758 1863 1820 mitis
1886 1776 2051 1828 sum,
2075 1767 2140 1818 ct
2167 1751 2425 1817 humilis
2449 1751 2669 1845 corde,

624 1876 732 1926 »et
764 1859 1090 1930 invenietis
1123 1859 1407 1943 requiem
1444 1859 1776 1922 animabus
1809 1855 2030 1921 vestris
2055 1855 2100 1919 ¹.
2139 1883 2164 1914 ι

715 1963 794 2029 ll.
850 1960 1076 2024 Itidem
1114 1971 1186 2024 ut
1216 1961 1295 2026 sit
1328 1961 1727 2036 misericors,
1766 1959 2116 2047 benignus,
2154 1977 2394 2045 pronus
2428 1956 2509 2019 ad
2549 1957 2683 2022 mi-

629 2067 967 2133 serandum
993 2085 1067 2129 ac
1101 2065 1339 2141 bonus,
1373 2088 1488 2154 pro
1518 2066 1758 2132 viribus
1788 2063 1915 2130 suis
1941 2087 2007 2130 se
2038 2060 2450 2135 assuefaciat,
2478 2060 2680 2126 utin-

629 2170 766 2258 quit
786 2168 1096 2236 Dominus
1116 2194 1142 2264 με
1179 2198 1203 2229 ι
1230 2170 1446 2236 Estote
1469 2170 1721 2239 boniac
1747 2170 2038 2259 benigni,
2066 2171 2232 2235 sicut
2250 2168 2439 2232 Pater
2472 2177 2677 2232 voster

633 2302 658 2337 ι
679 2273 949 2340 coelestis
982 2275 1343 2343 misericors
1375 2276 1533 2343 est².
1567 2306 1592 2339 n
1627 2277 1708 2342 Et
1742 2298 1963 2341 rursus
1990 2274 2193 2362 inquit
2222 2296 2237 2336 :
2283 2298 2308 2331 α
2331 2269 2397 2335 Si
2423 2270 2673 2358 diligitis

632 2402 815 2458 nme,
863 2393 1178 2472 praecepta
1227 2389 1367 2447 me'a
1419 2379 1723 2449 servate⁸.
1755 2407 1781 2441 ι
1812 2380 1891 2446 Et
1933 2400 2198 2445 rursus:
2246 2363 2674 2440 «Contendite
2730 2395 2746 2413 ·

635 2488 915 2553 »intrare
945 2511 1059 2577 per
1096 2500 1344 2578 portam
1378 2499 1710 2577 angustam
1732 2486 1781 2551 ⁴.
1813 2514 1836 2547 ι
1868 2487 2005 2551 Prae
2029 2484 2323 2550 omnibus
2362 2479 2675 2546 bumilita-

636 2603 765 2659 tem
794 2593 1085 2668 Domini,
1118 2594 1383 2680 ejusque
1413 2593 1668 2657 vivendi
1701 2590 2048 2666 rationem,
2083 2584 2670 2660 mansuetudinem,

638 2718 712 2762 ac
746 2684 1285 2762 conversationem
1306 2744 1325 2770 ,
1374 2709 1677 2782 tanquam
1709 2697 2034 2784 exemplar
2063 2696 2127 2762 in
2160 2686 2333 2763 omni
2372 2675 2688 2760 memoria·

638 2802 902 2869 minimo
934 2800 1235 2867 obliviosa
1260 2800 1529 2866 retineat
1552 2852 1565 2874 ,
1586 2801 1649 2865 in
1680 2801 2072 2867 orationibus
2102 2814 2495 2892 perseveret,
2522 2821 2678 2866 sem·

639 2931 757 2998 per
787 2929 973 2972 orans
1004 2905 1067 2970 in
1099 2902 1256 2981 fide,
1286 2917 1356 2971 ut
1384 2906 1695 2972 Dominus
1727 2908 1974 2983 veniat,
2010 2908 2259 2974 habitet
2288 2908 2353 2973 in
2383 2929 2459 2973 eo
2482 2957 2498 2983 ,
2532 2926 2679 2972 con-

637 3022 943 3084 summet,
981 3032 1053 3075 ac
1085 3011 1457 3089 corroboret
1498 3036 1684 3090 eum,
1718 3013 1782 3079 in
1816 3013 2114 3079 omnibus
2155 3012 2472 3078 mandatis
2511 3009 2674 3084 suis;

639 3128 827 3202 atque
864 3115 1055 3180 ctiam
1112 3115 1245 3206 ipse
1288 3118 1599 3184 Dominus
1631 3117 1744 3185 fiat
1773 3118 2174 3185 domicilium
2203 3117 2475 3191 animae:
2501 3125 2567 3182 et
2597 3113 2682 3179 ita

647 3241 789 3307 quae
814 3242 985 3285 nunc
1014 3220 1074 3286 vi
1099 3218 1275 3286 inviti
1308 3223 1520 3289 cordis
1555 3223 1737 3306 facit,
1765 3238 1997 3313 sponte
2025 3225 2365 3313 aliquando
2386 3230 2678 3313 peragat,

648 3326 1064 3394 assuefaciens
1087 3351 1161 3393 se
1179 3328 1384 3417 ipsum
1415 3343 1725 3420 perpetuo
1760 3334 1842 3398 ad
1879 3334 1943 3399 id
1971 3336 2145 3424 quod
2170 3334 2412 3399 bonum
2440 3344 2536 3397 est
2557 3329 2686 3395 Do·

648 3435 804 3499 mini
856 3458 1105 3529 semper
1155 3438 1534 3513 recordans,
1583 3450 1648 3503 ct
1689 3452 2026 3529 expectans
2075 3461 2225 3506 eum
2267 3449 2574 3530 perpetuo
2617 3432 2687 3499 in

651 3562 903 3606 summa
930 3541 1285 3608 dilectione.
1327 3542 1491 3607 Tum
1523 3567 1673 3610 vero
1710 3544 2022 3611 Dominus
2046 3546 2300 3635 cognito
2335 3551 2508 3610 tanto
2540 3538 2688 3627 ejus

655 3645 976 3736 proposito
1002 3657 1063 3711 et
1089 3648 1352 3713 consilio
1377 3671 1449 3714 ac
1474 3651 1774 3717 laudabili
1792 3652 1929 3739 ejus
1953 3654 2188 3731 studio,
2212 3650 2511 3718 nimirum
2532 3665 2689 3734 quo·

652 3753 847 3818 modo
877 3775 945 3818 se
976 3755 1347 3844 compellat.
1376 3769 1448 3821 ut
1474 3756 1875 3824 Dominum
1858 3784 1922 3824 nn
1955 3759 2263 3826 memoria
2288 3757 2599 3833 retineat,
2620 3762 2690 3818 et

616 3892 620 3896 ·
652 3857 737 3923 ad
766 3857 830 3922 id
850 3860 1021 3945 quod
1052 3859 1292 3928 bonum
1324 3874 1443 3936 est,
1481 3864 1560 3929 ad
1589 3866 2141 3931 mansuetudinem
2175 3887 2247 3931 sc
2280 3861 2692 3935 dilectionem

722 4009 737 4037 ¹
769 3995 949 4057 Muuh.
972 4014 1039 4058 xi,
1069 4015 1147 4068 ²9.
1176 4028 1236 4040 -
1261 4015 1281 4040 ·
1303 4002 1419 4053 Luc.
1450 4017 1519 4059 vu,
1542 4001 1619 4050 36.
1643 4028 1703 4040 -
1733 4005 1754 4039 ³
1782 4001 1927 4057 Joan.
1955 4019 2059 4063 xiv,
2082 4006 2155 4055 15.
2185 4031 2248 4042 —
2269 4004 2289 4040 ⁴
2310 4002 2432 4054 Luc.
2456 4015 2571 4060 xm,
2596 3996 2682 4057 ²⁴·
