2982 4885
982 539 1061 582 nn
1108 537 1504 583 stennone
1552 538 1801 583 unm-1³.
2283 520 2417 611 359

377 657 495 747 ipsi
523 676 666 723 esca
693 652 900 735 suerit.
943 652 1217 731 Qualem
1244 654 1540 720 videlicet
1561 654 1697 740 jam
1725 676 1898 720 nunc
1927 668 2161 724 sanctae
2186 658 2412 728 animm
2495 697 2499 705 ·

377 762 736 853 percipiunt
758 783 835 824 ex
865 757 1122 846 Spiritu.
2260 762 2267 765 ’

381 856 382 859 “
468 866 545 930 Π.
601 864 889 938 Claritas,
923 885 1045 951 qua
1079 862 1206 948 jam
1237 863 1387 928 hinc
1417 876 1783 930 sanctorum
1809 865 2133 953 abundant
2159 868 2410 947 animae,

377 970 478 1037 illa
497 971 644 1060 ipsa
673 983 849 1057 reget
876 982 941 1034 et
965 968 1217 1034 amiciet
1239 971 1406 1034 nuda
1435 991 1705 1059 corpora
1731 968 1795 1033 in
1819 973 2304 1051 resurrectione,
2336 998 2411 1042 ac

374 1089 551 1167 rapta
578 1077 641 1142 in
668 1079 859 1143 coelos
888 1074 1129 1141 auferet
1139 1086 1426 1153 ;‚et,tunc
1457 1075 1546 1139 illi
1571 1070 1839 1165 corpore
1861 1078 2099 1166 pariter
2115 1092 2182 1145 et
2207 1080 2413 1149 anima

375 1183 438 1248 in
470 1184 585 1249 Dei
616 1206 811 1272 reguo
842 1183 1026 1248 simul
1053 1168 1806 1272 perpetuo‘requiescent.
1837 1183 2157 1250 Adamum
2180 1186 2415 1277 quippo

374 1309 594 1353 creans
625 1289 793 1353 Deus
827 1288 953 1356 alas
976 1287 1089 1376 ipsi
1117 1310 1480 1376 corporeas,
1512 1289 1683 1353 velut
1713 1287 1957 1365 avibus,
1985 1312 2115 1355 non
2145 1289 2407 1368 indiam

374 1405 592 1480 utpote
641 1393 745 1456 cui
790 1393 916 1456 alas
961 1392 1352 1478 spirituales,
1409 1391 1639 1479 quibus
1687 1402 1829 1478 post
1876 1395 2413 1467 resurrectionem

376 1498 791 1583 attolleretur,
837 1506 902 1559 et
944 1507 1160 1581 raptus
1204 1516 1610 1582 quocumque
1662 1498 1850 1564 vellet
1888 1496 2173 1585 spiritus,
2214 1498 2416 1565 libere

374 1600 670 1675 serretur,
700 1603 849 1667 dare
874 1600 989 1688 ipsi
1013 1586 1400 1681 decreverat.
1442 1602 1568 1667 Has
1594 1602 1948 1690 spirituales
1992 1605 2123 1668 alas
2157 1614 2421 1670 sancto-

376 1729 519 1771 rum
550 1706 879 1772 animabus
903 1706 1029 1792 jam
1060 1720 1217 1774 tunc
1247 1709 1468 1772 datum
1498 1707 1877 1784 esthabere,
1912 1732 2053 1797 qum
2082 1709 2162 1775 ad
2188 1711 2416 1776 coeles-

375 1824 505 1876 tem
549 1811 711 1899 ipsas
749 1812 1133 1877 transferunt
1165 1835 1442 1877 sensum.
1483 1808 1991 1879 Christianorum
2020 1813 2194 1881 enim
2225 1815 2410 1889 alius,

373 1928 966 2005 quamcaetororum
1005 1929 1289 1993 ornatus,
1326 1917 1443 1982 alia
1475 1915 1873 1992 indumenta,
1910 1939 2130 1984 mensa
2166 1916 2314 1993 alia,
2349 1929 2417 1984 et

372 2021 486 2089 alia
517 2020 730 2087 fruitio
762 2033 880 2096 est,
905 2021 1483 2110 quandoquidem-e
1508 2021 1682 2086 coelis
1706 2033 2048 2109 venturum
2083 2020 2413 2087 Christum

370 2126 627 2202 scimus,
673 2125 1124 2193 suscitaturum
1170 2150 1315 2202 eos,
1352 2126 1459 2214 qui
1493 2149 1571 2192 ox
1601 2127 1779 2192 omni
1807 2150 1939 2193 aevo
1973 2126 2408 2203 dormierunt5

370 2230 910 2318 quemadmodum
956 2253 1151 2295 sacrae
1198 2229 1544 2316 Scripturae
1590 2231 1866 2296 docent:
1911 2230 1976 2294 in
2014 2232 2172 2295 duas
2203 2242 2414 2317 partos

374 2334 609 2401 dividet
623 2332 641 2363 ³
658 2380 676 2405 ,
709 2344 775 2396 et
789 2354 938 2419 ,quae
962 2345 1336 2418 sequuntur.

462 2435 569 2501 111.
626 2435 875 2515 Quibus
898 2458 1067 2500 curte
1090 2448 1186 2500 est
1203 2432 1559 2499 christianae
1577 2432 1718 2499 vitae
1739 2431 1947 2500 officia
1964 2455 2156 2522 quam
2174 2434 2413 2522 optime

374 2539 586 2606 omnia
610 2539 871 2626 exequi;
902 2561 1011 2604 eos
1036 2550 1180 2604 ante
1203 2537 1450 2627 quidvis
1474 2537 1641 2604 aliud
1656 2550 1936 2627 oportet,
1948 2538 2145 2629 partis
2160 2538 2416 2616 anima.

374 2667 566 2731 quam
592 2642 985 2733 superiorem
1008 2654 1072 2709 et
1094 2643 1659 2732 praedominanoem
1687 2656 1938 2719 vocant.
1972 2643 2415 2711 intellectualis

373 2748 670 2834 videlicet
713 2771 784 2813 ac
829 2747 1203 2824 discretivae,
1253 2749 1625 2839 diligentem
1663 2748 1901 2816 habere
1948 2749 2294 2824 rationerm
2343 2763 2416 2816 ut

375 2867 669 2920 accurate
693 2853 845 2920 boni
868 2855 1143 2942 malique
1167 2854 1509 2924 discrimen
1528 2855 1855 2930 facientes,
1876 2876 1994 2920 nec
2022 2877 2160 2943 quae
2185 2866 2416 2942 praeter

370 2973 662 3028 naturam
695 2959 957 3025 invectae
990 2973 1138 3025 sunt
1170 2961 1570 3051 cupiditate5‚
1605 2974 1845 3028 naturae
1872 2983 2049 3049 purae
2081 2984 2217 3026 esse
2245 2957 2413 3048 judi-

370 3081 586 3134 cantes
610 3066 991 3132 inoss'eusum
1014 3068 1155 3133 vitae
1186 3091 1443 3135 cursum
1470 3057 1775 3145 habeantss
1805 3080 2026 3156 utpote
2049 3067 2157 3156 qui
2180 3067 2414 3152 discre-

370 3173 555 3239 tionis
584 3173 777 3238 veluti
809 3175 996 3242 oculo
1029 3185 1291 3254 utantur
1303 3198 1323 3249 3
1359 3186 1426 3239 et
1454 3173 1566 3262 qui
1597 3196 1632 3239 a
1662 3172 1925 3246 fallaciis
1955 3171 2277 3260 pravitatis
2311 3195 2417 3237 so-

370 3273 512 3345 curi
568 3301 704 3366 esse
763 3278 1022 3372 possint.
1087 3278 1197 3345 Est·
1243 3279 1418 3346 enim
1470 3281 1761 3344 voluntas
1814 3276 2065 3349 aniane,
2123 3274 2412 3352 membra

375 3384 654 3472 corporis
703 3408 739 3449 a
783 3406 944 3449 noxa
989 3385 1339 3454 errantium
1380 3406 1684 3449 sensuum
1731 3383 2099 3465 incorrupta
2130 3376 2407 3450 servari3

371 3511 563 3576 seque
594 3490 792 3577 ipsam
827 3510 859 3550 a
894 3486 1116 3550 mundi
1149 3486 1622 3552 avocationibus
1649 3507 1869 3551 arcere
1897 3506 1914 3548 z
1962 3480 2414 3565 custodireque

374 3615 485 3656 cor
501 3616 582 3657 ne
598 3594 660 3656 in
675 3589 989 3655 mundum
1011 3589 1310 3651 extendat
1325 3587 1613 3651 membra
1633 3610 1892 3656 suarum
1919 3583 2408 3673 cogitationutm

376 3697 486 3759 sed
515 3717 589 3758 ea
621 3695 870 3782 colligat
902 3704 964 3756 et
998 3693 1452 3776 undecumque
1485 3690 1769 3756 restricta
1803 3689 2153 3763 contineat,
2180 3687 2257 3752 ab
2290 3687 2415 3753 hu-

373 3796 511 3864 mili
551 3818 704 3863 cura
747 3809 812 3874 et
853 3796 1176 3884 voluptate
1222 3799 1545 3862 coercens.
1584 3794 1923 3861 Enimvero
1959 3793 2070 3860 uhi
2102 3791 2411 3860 Dominus

376 3903 652 3993 aliquem
674 3901 738 3967 id
760 3903 981 3968 sedulo
1005 3911 1294 3990 agentem
1315 3898 1577 3979 viderit3
1603 3899 1729 3977 sic,
1756 3900 2040 3998 inquam,
2067 3905 2405 3980 attentum.

444 4055 465 4083 ⁸
488 4040 673 4100 “attho
691 4056 807 4101 xxv,
827 4041 905 4094 3⁸.
1884 4039 1887 4046 ⁴
