2982 4885
612 557 735 624 151
1281 579 1329 622 s.
1384 545 1644 626 nhcs'un
1693 579 1960 622 aevvm

604 697 863 766 veritas,
899 692 1014 759 nisi
1049 694 1343 770 habuerit
1376 695 1764 768 adversarios
1796 745 1812 770 ,
1859 694 1966 781 qui
2005 706 2071 759 et
2104 692 2227 758 sint
2257 674 2598 786 mendaces
2615 682 2642 767 ,’

601 808 667 864 et
704 800 1041 865 veritatem·
1063 798 1407 865 invadant?
1442 802 1609 865 Sunt
1632 823 1887 889 quoque
1926 800 1986 863 in
2027 799 2291 864 fratrum
2327 819 2670 872 numero,·

601 902 708 992 qui
751 903 1192 982 affectionibus
1237 917 1345 970 aut
1381 899 1832 972 afflictionibus
1875 904 2128 970 obnoxii
2170 915 2338 996 sunt.
2384 902 2638 983 Quibus

599 1008 860 1095 quidem
884 1010 1339 1104 magnacautio
1365 1011 1726 1076 adhibenda
1753 1023 1873 1086 est,
1905 1033 1985 1076 ne
2009 995 2325 1076 labantur.
2359 1009 2635 1089 Quidam

512 1183 519 1190 ,
590 1113 770 1179 enim
806 1139 884 1181 ex
921 1116 1258 1190 fratribus„
1304 1138 1453 1181 cum
1486 1129 1855 1205 precaretur
1897 1138 2046 1180 cum
2085 1114 2241 1195 alio,
2282 1125 2506 1203 captus
2541 1125 2636 1179 est

597 1218 808 1293 divina
849 1220 1118 1295 virtute,
1170 1243 1371 1310 eaque
1412 1221 1713 1309 abreptus
1756 1220 1913 1286 vidit
1941 1204 2279 1309 supet-nani
2318 1218 2634 1283 civitatem

595 1322 950 1391 Jerusalem
978 1374 996 1402 ‚
1034 1338 1100 1392 et
1136 1349 1436 1416 personas
1474 1327 1785 1402 illustres,
1834 1328 2180 1413 lumenque
2212 1325 2627 1397 immensum3

598 1443 789 1522 atque
825 1434 1066 1500 audivit
1104 1457 1332 1506 vocem
1370 1435 1690 1501 dicentem
1722 1456 1738 1499 τ
1786 1461 1812 1494 α
1843 1433 1962 1500 Hic
1993 1446 2092 1499 est
2118 1434 2298 1497 locus
2337 1427 2629 1518 requietis

596 1534 915 1628 justorum
945 1562 961 1605 ε
992 1567 1017 1602 ι
1066 1543 1380 1630 pauloque
1420 1554 1567 1630 post
1601 1533 1895 1618 inflatus,
1940 1553 2006 1606 et
2042 1539 2404 1630 existimans
2444 1538 2522 1602 de
2565 1555 2634 1597 se

596 1641 734 1730 ipso
780 1667 854 1709 ea
885 1644 1142 1723 vidisse,
1188 1658 1403 1734 postea
1432 1660 1719 1736 repertus
1751 1658 1846 1711 est
1881 1646 1944 1710 in
1978 1647 2160 1732 adyta
2200 1656 2263 1709 et
2283 1639 2638 1731 profundis-

593 1744 750 1810 sima
774 1761 1219 1832 peccatorum,
1256 1761 1445 1833 atque
1467 1750 1534 1812 in
1557 1749 1801 1811 infinita
1839 1750 2000 1810 mala
2035 1747 2347 1809 incidisse.

614 1887 619 1896 ·
680 1839 817 1912 XV.
872 1846 940 1910 Si
970 1871 1122 1937 ergo
1162 1849 1443 1914 internus
1466 1860 1532 1913 et
1556 1848 1843 1913 sublimis
1867 1848 2061 1911 homo
2093 1850 2304 1934 lapsus
2326 1858 2460 1919 est,
2505 1871 2642 1932 quo

599 1961 790 2039 pacto
819 1961 1030 2038 potest
1080 1952 1293 2018 dicere
1338 1952 1542 2039 quivis
1580 1952 1744 2019 alius·
1769 1976 1805 2018 e
1834 1954 2023 2040 vulgo
2060 1975 2076 2014 ε
2121 1978 2147 2011 α
2169 1950 2334 2031 Quia
2367 1947 2590 2037 jejuno
2614 1999 2634 2028 ,

597 2055 1092 2141 hospitaiitatem
1126 2080 1424 2134 exerceo,
1477 2080 1550 2124 ac
1582 2058 1750 2123 bona
1783 2080 1925 2123 mea
1969 2056 2318 2131 distribuo,
2347 2056 2475 2143 jam
2514 2078 2637 2148 ego

593 2171 849 2224 sanctus
892 2163 1082 2228 sum?
1120 2190 1145 2225 ι
1198 2163 1339 2231 Non
1375 2163 1548 2230 enim
1591 2187 1624 2229 a
1649 2164 1840 2230 malis
1887 2187 1955 2230 se
1989 2164 2290 2230 cohibere
2320 2164 2453 2251 ipsa
2486 2185 2635 2250 per-

590 2264 782 2332 fectio
808 2277 939 2350 est,
980 2271 1093 2335 sed
1114 2268 1165 2334 si
1188 2269 1587 2358 inquinatam
1619 2283 1899 2336 mentem
1934 2282 2110 2335 tuam
2133 2269 2482 2357 ingressus,
2517 2289 2595 2332 oc
2616 2304 2632 2317 ·

591 2358 822 2438 sideris
842 2388 1203 2471 serpentem
1235 2377 1301 2441 in
1330 2376 1740 2442 interioribus
1762 2375 1994 2442 mentis
2021 2398 2092 2440 ac
2115 2372 2630 2464 ‘profundioribus

589 2478 1049 2567 cogitationum
1087 2495 1343 2548 tuarum
1390 2483 1868 2549 delitescentem
1893 2531 1910 2557 ,
1947 2482 2179 2570 quique
2218 2483 2283 2547 in
2322 2480 2630 2547 conclavi·

588 2584 707 2650 bns
724 2599 795 2676 ‘et
816 2588 1204 2672 repositoriis
1229 2589 1454 2653 animae
1472 2587 1552 2651 ad
1576 2599 1639 2651 te
1668 2588 2165 2651 interimendum
2189 2586 2411 2652 nidum
2445 2606 2628 2649 suum

590 2692 919 2776 'conlponit
949 2691 1099 2773 (cor
1120 2694 1291 2757 enim
1321 2702 1415 2755 est
1454 2691 1770 2777 abyssus,)
1803 2689 1881 2765 si,
1917 2689 2202 2776 inquam,
2240 2691 2419 2755 illum
2444 2690 2628 2755 inter-

589 2791 846 2866 feceris,
891 2806 957 2859 et
996 2817 1255 2860 omnem
1282 2845 1298 2870 ,
1336 2815 1459 2880 qua
1494 2793 1854 2879 inquinatus
1878 2815 1944 2858 es
1968 2843 1984 2868 ,
2019 2795 2389 2883 spurcitiem
2418 2795 2623 2882 ejece·

592 2896 697 2962 ris.
738 2898 979 2963 Omnes
1009 2898 1179 2962 enim
1219 2896 1620 2986 philosophi,
1660 2899 1760 2962 lex
1792 2910 1858 2963 'et
1894 2897 2190 2987 Apostoli·
2220 2912 2408 2987 atque
2438 2901 2627 2965 etiam

592 3000 931 3069 salvatoris
982 3005 1289 3070 adventus
1333 3002 1502 3068 circa
1543 2992 1884 3090 puritatem
1923 3004 2232 3071 laborant.
2282 3006 2522 3072 Omnes
2553 3005 2630 3071 si·

589 3108 845 3195 quidem
874 3109 1198 3185 homines,
1229 3109 1357 3175 sive
1377 3108 1584 3175 Judaei
1603 3157 1622 3183 ,
1650 3109 1778 3174 sive
1803 3109 2009 3174 Graeci
2028 3157 2045 3185 ,
2075 3110 2413 3199 puritatem
2440 3134 2628 3202 exop-

591 3224 763 3290 tant,
812 3228 878 3280 et
920 3214 1168 3311 assequi
1200 3226 1547 3301 nequount.
1587 3214 2043 3300 Inquirendutn
2078 3215 2268 3304 igitur
2302 3230 2436 3293 est,
2478 3239 2630 3305 quo-

586 3321 781 3386 modo
811 3319 1146 3410 et·qnibus
1185 3318 1428 3394 modis,
1480 3318 1723 3407 puritas
1770 3319 1978 3385 cordis
2014 3322 2371 3411 comparari
2405 3322 2620 3411 possit.

587 3421 997 3514 Nequaquam
1031 3426 1286 3491 aliunde
1304 3472 1321 3500 ,
1357 3445 1549 3512 quam
1577 3446 1692 3512 per
1712 3446 1904 3504 oum,
1936 3425 2045 3514 qui
2071 3443 2187 3514 pro
2210 3427 2393 3492 nobis
2416 3426 2630 3493 crucis

586 3529 748 3596 fixus
782 3542 894 3596 est.
936 3532 1077 3620 Ipse
1098 3532 1270 3595 enim
1292 3541 1389 3595 est
1419 3529 1553 3604 via.
1590 3530 1714 3596 vita
1733 3579 1750 3605 ,
1783 3531 2013 3597 veritas
2033 3579 2050 3605 ,
2077 3530 2312 3598 ostiani
2335 3581 2352 3607 ,
2385 3552 2626 3619 marga-

584 3635 704 3711 rita
726 3686 743 3711 ‚
779 3636 958 3702 vivus
993 3657 1068 3701 ae
1098 3635 1372 3701 c'oelestis
1400 3635 1619 3724 panis3
1653 3657 1773 3701 nec
1807 3630 1956 3701 licet
1988 3637 2174 3713 alicui
2199 3685 2218 3714 ,
2252 3638 2496 3726 absque
2518 3637 2624 3703 illa

583 3743 846 3808 veritate
869 3791 886 3817 ,
932 3741 1258 3808 veritatem
1300 3752 1686 3830 'cognoscere
1711 3789 1728 3817 ‚
1770 3754 1834 3808 et
1875 3742 2130 3829 servari.
2186 3743 2625 3824 Quemadmo-

585 3850 741 3914 d'um
786 3847 995 3935 quoad
1025 3846 1399 3914 exteriorem
1437 3846 1765 3913 hominem
1786 3894 1803 3922 ,
1853 3858 1920 3912 et
1948 3869 2021 3912 ea
2045 3896 2062 3922 ,
2103 3870 2245 3935 quae
2290 3848 2624 3937 subjacent

588 3951 821 4027 oculis,
859 3953 1156 4020 omnibus
1195 3949 1608 4025 renuntiasti,
1654 3962 1719 4017 et
1745 3951 1914 4036 hona
1946 3963 2052 4018 tna
2083 3952 2457 4021 distribuisti
2480 3952 2503 4031 ς’
2531 3956 2624 4020 sic

583 4079 839 4149 quoque
866 4045 1078 4148 quoad
1106 4055 1479 4149 sapientiam
1517 4057 1907 4125 mundanam
1931 4106 1949 4134 ,
1989 4057 2290 4126 si-rerum
2331 4058 2624 4133 notitiam
