2982 4885
571 628 704 713 '422
1246 636 1295 692 Ι.
1347 640 1613 692 noum
1656 640 1929 691 :tarra-u

573 772 935 841 henderunt
963 788 1068 834 me
1107 763 1634 854 adduxeruntque
1666 766 1748 831 ad
1775 766 1987 831 vicum
2016 788 2034 839 ς
2070 774 2262 853 atque
2295 766 2618 860 appende·

573 878 913 943 runt-collo
934 871 1194 961 fuligine
1224 870 1486 936 infectas
1521 872 1675 935 ollas
1695 892 1841 935 cum
1866 868 2028 935 ansis
2049 888 2371 948 vasorum,
2398 874 2616 961 sicque

574 982 1144 1050 circumduxerunt
1173 1000 1278 1042 me
1326 977 1389 1040 in
1421 978 1564 1042 vico
1610 1000 1724 1066 per
1754 975 2065 1065 compita,
2099 978 2500 1043 verberantes
2533 998 2606 1049 ae

577 1089 892 1155 dicentes:
921 1085 1046 1150 Iste
1071 1081 1421 1171 monachus
1449 1081 1692 1147 vitiavit
1716 1094 1998 1147 nostram
2022 1080 2330 1171 virginem
2359 1109 2378 1158 ς
2407 1085 2609 1172 capite

576 1209 749 1269 eum,
788 1191 1011 1281 capite.
1051 1190 1130 1254 Et
1160 1198 1611 1278 percusserunt
1639 1206 1742 1253 me
1771 1210 1933 1276 pene
1964 1187 2044 1252 ad
2074 1176 2363 1252 mortem.
2405 1188 2610 1254 Acce-

577 1296 731 1366 dens
763 1318 912 1364 vero
943 1293 1164 1382 aliquis
1198 1314 1457 1370 senum,
1490 1293 1645 1359 dixit
1674 1317 1689 1358 ε
1730 1294 2080 1380 Quousque
2118 1292 2349 1357 caeditis
2380 1312 2607 1359 mona-

577 1406 772 1470 chum
818 1402 1008 1471 istum
1047 1400 1450 1490 peregrinum
1475 1399 1507 1465 P
1549 1399 1676 1480 Qui
1732 1409 1943 1465 autem
1979 1398 2134 1464 mihi
2171 1393 2601 1475 ministrabat,

578 1509 962 1596 sequebatur
995 1516 1137 1595 post
1168 1522 1306 1580 me,
1334 1506 1581 1594 pudore
1612 1504 1916 1591 suffusus3
1953 1498 2166 1569 multis
2198 1503 2432 1597 quippe
2465 1524 2609 1569 con-

479 1604 486 1611 ’
577 1610 853 1679 tumeliis
876 1634 1024 1679 eum
1045 1610 1408 1686 affecerant,
1437 1600 1836 1701 inquientes:
1864 1608 2032 1677 Ecce
2056 1607 2485 1683 Anachoreta,
2509 1606 2611 1674 cui

580 1730 652 1783 tu
679 1720 1107 1784 testimonium
1127 1716 1546 1806 perhibebas,
1584 1710 1736 1805 quid
1764 1716 1916 1782 fecit
1942 1715 1969 1781 ἓ
2000 1713 2098 1781 Λᾶ
2128 1713 2264 1779 haec
2297 1713 2473 1779 aiunt
2501 1730 2612 1802 pa-

581 1839 790 1889 rentes
821 1827 1076 1912 puellae:
1121 1818 1260 1889 Non
1296 1814 1689 1889 dimittemus
1719 1840 1908 1899 eum,
1938 1824 2143 1887 donec
2174 1817 2608 1907 fidejussorem

583 1924 848 2002 dederit,
870 1931 1042 2015 quod
1063 1914 1328 1992 aliturus
1350 1927 1430 1991 sit
1451 1944 1614 1992 eam.
1639 1916 1857 2012 ltaque
1875 1924 2313 2015 significabam
2328 1924 2600 1989 ministro

581 2033 668 2099 illi
701 2055 879 2107 meo,
911 2044 974 2097 et
998 2032 1335 2121 spopondit
1357 2054 1475 2119 pro
1508 2053 1630 2095 me.
1671 2030 1892 2096 Postea
1925 2032 2249 2119 profectus
2282 2033 2359 2097 ad
2390 2032 2608 2115 cellam

579 2148 822 2211 meam,
858 2133 1001 2202 dedi
1034 2134 1116 2210 ei,
1149 2146 1305 2223 quas
1343 2130 1579 2209 habui,
1618 2132 1968 2235 sportulas,
2006 2128 2267 2201 dicens.
2307 2134 2517 2203 Vende
2547 2149 2610 2201 et

582 2236 736 2304 affer
766 2241 984 2307 cibum
1015 2239 1198 2305 uxori
1235 2252 1413 2306 meae.
1437 2240 1604 2307 Tum
1639 2237 1807 2329 apud
1838 2258 1977 2307 me·
2012 2236 2280 2316 Macati,
2315 2262 2469 2307 ecce
2500 2232 2611 2305 tibi

583 2345 874 2412 invenisti
899 2369 1203 2423 uxorem;
1239 2359 1516 2435 oportet,
1557 2356 1630 2412 ut
1652 2346 1841 2435 paulo
1872 2347 2136 2435 amplius
2173 2344 2459 2422 labores,
2489 2366 2614 2435 quo

583 2453 825 2519 nutrias
855 2473 1016 2520 eam.
1059 2449 1137 2520 Et
1166 2453 1479 2542 operabar
1507 2466 1696 2519 nocte
1734 2449 1963 2542 dieque
1984 2503 2001 2528 ,
2042 2447 2496 2535 mittebamque
2529 2452 2608 2516 ei.

481 2549 492 2556 ’
580 2553 777 2624 Porro
814 2555 962 2625 eum
995 2555 1248 2626 advenit
1277 2572 1527 2649 tempus
1560 2555 1829 2635 miserae,
1869 2562 1938 2625 ut
1964 2563 2229 2648 pareret,
2266 2555 2346 2618 ad
2373 2555 2616 2618 multos

585 2659 803 2730 diesin
829 2663 1607 2754 eruciatibus-permansit,
1636 2677 1752 2729 nec
1780 2665 2082 2753 pariebat.
2111 2651 2577 2727 Pet-coutantur
2596 2708 2612 2733 ,

583 2769 738 2853 quid
755 2769 877 2832 hoc
896 2767 1104 2832 esset?
1121 2761 1230 2831 Illa
1267 2762 1628 2857 respondit:
1650 2764 1784 2857 Ego
1811 2769 1967 2843 scio,
1997 2762 2293 2855 quoniam
2316 2757 2614 2831 Anacho-

581 2882 784 2934 retam
829 2870 1209 2936 calumniata
1269 2895 1407 2936 sum
1436 2921 1454 2947 ,
1497 2875 1871 2961 prolatoque
1907 2872 2241 2938 mendacio
2283 2869 2605 2941 accusavi3

581 2997 788 3060 neque
817 2973 987 3037 enim
1022 2975 1086 3039 in
1118 2975 1304 3063 culpa
1332 2987 1450 3051 est,
1478 2973 1590 3041 sed
1621 2967 1727 3042 ille
1755 2973 2019 3064 juvenis,
2054 2977 2240 3041 Tunc
2266 2976 2376 3062 qui
2414 2973 2606 3040 minis·

584 3079 789 3143 trabat
822 3078 1014 3155 mihi,
1050 3081 1228 3145 loetus
1259 3083 1595 3148 adveniens
1628 3084 1970 3148 nuntiavit:
1996 3083 2179 3167 Virgo
2213 3082 2320 3146 illa
2354 3105 2473 3147 non
2497 3102 2607 3167 po-

584 3181 702 3247 tuit
732 3201 1004 3272 parere,
1003 3184 1204 3248 donee
1237 3183 1323 3248 ita
1351 3179 1545 3250 confit
1549 3193 1793 3249 eretur.
1816 3179 2001 3248 Extra
2031 3185 2286 3273 culpam
2320 3196 2416 3250 est
2447 3185 2612 3251 Ana-

583 3283 881 3361 choreta,
921 3286 1033 3352 sed
1067 3277 1382 3352 ἷηεῃιίῑει
1372 3309 1513 3352 sum
1555 3279 1852 3354 adversus
1895 3307 2086 3365 eum,
2131 3299 2199 3355 et
2238 3285 2391 3355 ecce
2444 3287 2612 3354 totus

579 3387 755 3458 vicus
799 3391 928 3459 huc
982 3395 1285 3459 accedere
1327 3395 1463 3458 vult
1527 3385 1674 3459 cum
1722 3393 2007 3478 honore,
2059 3407 2132 3460 ut
2174 3395 2416 3460 veniam
2462 3413 2496 3457 a
2552 3399 2615 3456 te

580 3489 843 3588 supplex
873 3497 1164 3596 postulet.
1204 3487 1314 3563 His
1345 3521 1462 3587 ego
1504 3490 1766 3588 auditis,
1803 3522 1884 3566 ne
1916 3446 2069 3565 mihi
2116 3493 2458 3566 molestiam
2490 3513 2607 3582 pa-

576 3609 791 3669 rerent
817 3593 1148 3680 homines,
1189 3593 1466 3680 surrexi,
1513 3589 1703 3696 atque
1733 3597 1916 3671 huc
1898 3629 1961 3671 1n
1996 3604 2224 3671 Scetim
2254 3592 2399 3687 fugi.
2448 3593 2607 3663 Inde

570 3699 956 3798 principium
988 3725 1370 3798 causamque
1402 3705 1596 3774 habet
1628 3731 1806 3774 meus
1837 3709 1941 3774 hic
1979 3709 2300 3775 adventus.

663 3800 739 3873 ll.
793 3801 982 3886 Venit
1007 3813 1343 3899 aliquando
1366 3807 1676 3877 Macarius
1709 3807 1830 3878 AEo·
1789 3807 2040 3901 gyptius
2065 3836 2101 3877 e
2126 3805 2297 3876 Sceti
2322 3801 2402 3874 ad
2429 3829 2609 3872 mon-

574 3926 701 3975 tem
722 3905 977 3975 Nitriae
959 3935 1023 3977 m
1049 3916 1364 3980 oblatione
1387 3909 1653 3980 Abbatis
1674 3908 1937 4026 Painbo,
1967 3929 2031 3981 et
2055 3915 2279 3980 dicunt
2304 3914 2365 3979 ei
2390 3933 2604 3992 senest,

569 4015 941 4083 Sermonem
983 4011 1198 4105 proset-
1247 4019 1592 4095 sratribus,
1643 4034 1839 4111 pater.
1896 4019 2062 4088 Tum
2108 4021 2213 4086 ille
2268 4017 2443 4094 infit,
2490 4017 2605 4105 ego

566 4123 851 4190 nondum
897 4123 1065 4189 evasi
1107 4123 1175 4191 in
1217 4125 1638 4202 monachum,
1691 4128 1819 4197 sed
1862 4125 2208 4195 monachos
2253 4123 2400 4191 vidi.
2454 4121 2607 4196 Mihi
