2982 4885
630 549 802 643 '2126-
981 608 998 643 ,
1305 577 1355 623 s.
1408 577 1672 623 uacum
1722 576 1986 622 aecrrru

626 695 879 767 Macarii
911 693 1182 787 copiam,
1214 706 1280 759 et
1303 690 1475 761 infit:
1496 693 1697 760 Multa
1719 694 1917 763 virtus
1940 717 1978 763 e
2004 693 2306 769 manibus
2330 696 2467 769 istis
2496 723 2675 795 egre-

631 805 819 872 ditur.

714 911 788 977 V.
844 908 1057 975 Abbas
1121 907 1429 975 Macarius
1481 906 1774 996 praedixit
1825 906 2127 973 fratribus
2181 909 2265 975 de
2322 913 2674 981 vttatione

629 1013 918 1081 Sceteos:
937 1015 1210 1095 Quando
1246 1013 1675 1102 spectaveritis
1700 1013 1926 1077 cellam
1947 1012 2326 1085 aedificatam
2354 1017 2527 1103 juxta
2559 1041 2670 1105 pa,-

628 1120 843 1201 ludem
865 1168 883 1193 ,
915 1119 1174 1193 scitote,
1204 1120 1374 1205 quod
1407 1141 1605 1206 prope
1629 1117 1708 1182 sit
1743 1118 2003 1183 Sceteos
2028 1120 2329 1187 desolatio
2357 1144 2376 1187 ε
2411 1126 2668 1210 quando

629 1223 909 1290 videritis
935 1222 1214 1297 arbores,
1244 1223 1323 1287 ad
1339 1222 1505 1286 sores
1527 1235 1647 1298 est:
1666 1245 1815 1299 cum
1843 1235 2053 1289 autem
2076 1247 2301 1311 pueros
2322 1248 2672 1317 conspexe-

632 1330 793 1403 ritis,
827 1330 1028 1395 tollite
1060 1330 1326 1393 melotes
1349 1340 1611 1404 vestras,
1641 1342 1829 1415 atque
1861 1329 2179 1395 discedite.

717 1432 822 1500 Vl.
877 1434 1047 1499 Dixit
1086 1433 1352 1507 iterum,
1401 1434 1619 1498 volens
1662 1434 1901 1517 fratres
1930 1433 2496 1503 consolarizvenit
2528 1437 2668 1507 huc

636 1562 784 1604 cum
820 1551 1019 1603 matre
1044 1561 1153 1602 sua
1179 1561 1362 1627 puer,
1398 1539 1509 1626 qui
1530 1561 1563 1602 a
1590 1538 1904 1605 daemonio
1929 1539 2297 1614 vexabatur,
2321 1551 2386 1605 et
2419 1539 2672 1607 dicebat

629 1644 858 1709 matri:
884 1644 1083 1732 Surge
1123 1666 1300 1719 anuS,
1332 1644 1630 1709 abeamus
1663 1644 1832 1712 hinc.
1857 1645 1969 1709 Illa
2002 1666 2150 1709 vero
2176 1645 2356 1711 {Non
2386 1668 2665 1733 possum,

636 1749 838 1837 inquit
860 1797 877 1822 ,
906 1749 1173 1836 pedibus
1212 1749 1527 1814 incedere.
1553 1750 1717 1815 Tum
1750 1771 1908 1835 puer
1934 1750 2013 1813 ad
2044 1771 2226 1817 eam:
2265 1750 2400 1838 Ego
2438 1764 2500 1815 te
2521 1774 2667 1839 por-

637 1854 805 1917 tabo.
866 1853 945 1916 Et
991 1850 1334 1916 admiratus
1377 1874 1520 1916 sum
1569 1851 1872 1918 daemonis
1919 1853 2306 1939 nequitiam,
2352 1855 2669 1942 quomodo

636 1979 744 2022 eos
767 1956 916 2020 hinc
950 1956 1254 2020 voluisset
1279 1955 1520 2042 fugare.

677 2120 684 2127 .
721 2058 858 2126 Vll.
881 2057 1218 2125 Referebat
1241 2056 1456 2125 Abbas
1479 2057 1688 2123 Sisoes
1711 2080 1726 2122 ε
1751 2058 2025 2138 Quando
2043 2082 2225 2129 eram
2250 2064 2314 2131 in
2332 2061 2498 2137 Sceti
2521 2084 2671 2129 cum

632 2163 928 2239 Macario,
958 2164 1356 2231 ascendimus
1385 2175 1628 2251 septem
1653 2163 1908 2229 nomina
1937 2187 2053 2230 seu
2083 2165 2396 2244 homines,
2424 2181 2494 2235 ut
2521 2191 2670 2235 cum

634 2291 710 2339 eo
747 2262 1146 2337 ,meteremus
1181 2291 1197 2335 z
1239 2281 1303 2334 et
1345 2290 1500 2335 ecce
1547 2266 1731 2333 vidua
1779 2268 2071 2355 quaedam
2102 2293 2268 2358 pone
2306 2294 2423 2339 nos
2470 2271 2668 2360 spicas

637 2374 1004 2464 colligebat,
1039 2398 1156 2440 nec
1192 2375 1477 2440 cessabat
1522 2372 1794 2463 plorare.
1841 2373 2104 2440 Vocavit
2144 2399 2293 2462 ergo
2332 2400 2533 2441 senex
2558 2376 2672 2441 do-

638 2484 885 2550 minum
914 2483 1169 2571 praedii,
1207 2484 1486 2570 dixitque
1516 2482 1614 2547 ei:
1661 2478 1834 2562 Quid
1874 2482 2064 2548 habet
2090 2502 2241 2544 anus
2283 2480 2457 2552 haec,
2498 2484 2676 2566 quod

638 2611 889 2677 semper
902 2589 1144 2676 plorat?
1169 2589 1515 2677 Respondit
1545 2610 1560 2652 ε
1586 2589 1752 2666 Quia
1767 2588 1861 2653 vir
1882 2587 2019 2673 ejus
2034 2582 2292 2669 alicujus
2304 2584 2677 2672 depositum

643 2694 796 2758 dum
828 2706 1063 2765 servat,
1091 2704 1382 2758 mortuus
1409 2705 1506 2757 est
1544 2692 1753 2758 subito
1775 2740 1793 2767 ,
1828 2715 1951 2757 nec
1985 2688 2367 2764 enuntiavit,
2403 2691 2520 2758 uhi
2557 2713 2674 2779 po-

638 2796 832 2884 suerit
865 2795 1056 2868 illud,
1093 2798 1351 2882 vultque
1386 2796 1654 2884 depositi
1685 2796 1980 2861 dominus
2008 2817 2154 2862 eam
2184 2806 2249 2859 et
2272 2794 2509 2861 liberos
2537 2795 2693 2881 ejus.

638 2898 756 2963 sibi
782 2899 844 2962 in
868 2921 1080 2963 servos
1104 2898 1443 2965 vindicare.
1485 2900 1751 2987 Excepit
1778 2921 1968 2965 senex
2034 2898 2151 2964 Dic
2182 2897 2241 2963 ei
2271 2912 2345 2964 ut
2367 2898 2568 2964 veniat
2588 2896 2668 2961 ad

638 3025 754 3067 nos
775 3051 792 3082 ,
824 3003 933 3068 ubi
965 3004 1045 3068 ob
1077 3016 1300 3072 aestum
1334 3006 1861 3092 conquiescimus.
1906 3005 2196 3089 Cumque
2227 3005 2494 3070 venisset
2521 3024 2669 3066 mu·-

637 3106 784 3196 lier‚
822 3106 906 3172 ait
937 3108 1024 3171 illi
1056 3131 1278 3174 senex:
1323 3112 1541 3187 Quare
1559 3110 1818 3173 omnino
1848 3106 1931 3170 ita
1956 3105 2109 3169 sses?
2147 3107 2493 3198 Respondit
2523 3106 2664 3170 illa:

636 3209 895 3276 Maritus
927 3234 1105 3277 meus
1129 3225 1392 3301 accepto
1418 3211 1702 3297 deposito
1731 3208 2061 3296 emigraVit
2083 3232 2122 3274 e
2148 3210 2307 3286 vita,
2340 3234 2457 3277 nec
2481 3209 2672 3297 signi-

639 3317 851 3390 ficavit
884 3319 1159 3384 moriens
1179 3367 1195 3391 ‚
1223 3318 1334 3383 ubi
1366 3316 1663 3407 posuerit.
1702 3317 1886 3383 Tune
1920 3339 2114 3382 senex
2149 3320 2231 3383 ad
2261 3341 2438 3384 eam:
2467 3316 2667 3390 Veni,

645 3426 906 3489 ostende
935 3423 1091 3490 mibi
1123 3424 1234 3489 ubi
1264 3422 1583 3512 sepelieris
1614 3445 1785 3488 eum.
1820 3424 2042 3509 Itaque
2072 3422 2278 3507 ductis
2308 3442 2526 3486 secum
2556 3420 2675 3486 sra-

641 3529 843 3614 tribus
877 3551 1026 3594 cum
1062 3551 1134 3594 ea
1179 3551 1467 3617 egressus
1514 3541 1626 3594 est.
1685 3530 1765 3595 Ut
1817 3537 2237 3616 pervenerunt
2280 3522 2359 3586 ad
2401 3523 2625 3587 locum
2653 3570 2674 3598 ,

645 3633 802 3700 dixit
826 3656 1016 3700 senex
1038 3633 1290 3700 mulieri
1314 3657 1329 3699 ε
1358 3635 1607 3706 Recede
1631 3633 1695 3699 in
1714 3634 1977 3698 domum
2007 3645 2195 3698 tuam.
2225 3627 2307 3693 Et
2331 3637 2677 3714 postquam

646 3740 889 3824 precati
915 3738 1215 3813 fuissent,
1250 3738 1497 3803 vocavit
1530 3759 1723 3803 senex
1756 3750 2080 3804 mortuum
2121 3734 2217 3802 bis
2240 3730 2486 3800 verbis:
2523 3732 2672 3805 Ille,

642 3841 757 3904 ubi
808 3843 1070 3929 posuisti
1126 3843 1400 3930 alienum
1458 3842 1817 3929 depositum
1856 3842 1884 3906 Ρ
1938 3839 2442 3927 Responsionem
2500 3835 2676 3903 dedit

645 3945 840 4012 homo
868 3969 883 4008 t
914 3949 1376 4013 Absconditum
1392 3960 1487 4012 est
1515 3946 1581 4011 in
1614 3950 1802 4012 domo
1832 3970 1997 4021 mea,
2016 3945 2141 4010 -sub
2174 3944 2337 4033 pede
2362 3941 2529 4009 lecti.
2560 3940 2675 4005 Se-

649 4072 770 4118 nex
792 4049 1122 4139 adipsum:
1148 4052 1382 4118 lterum
1418 4051 1624 4121 dormi
1647 4074 1845 4139 usque
1873 4051 1953 4118 ad
1973 4048 2456 4138 resurrectionis
2480 4047 2664 4116 diem.
