2982 4885
639 460 774 541 242
1318 479 1368 522 s.
1422 471 1685 523 uicini
1727 468 1997 524 namu

634 604 842 664 totum
872 595 1124 685 penitus
1163 603 1549 681 occupatum
1582 591 1895 659 incumbit
1933 592 2144 681 operi,
2188 606 2253 659 et
2282 595 2496 685 omnia
2526 589 2664 687 ejus

634 703 922 791 membra
971 723 1038 766 se
1088 698 1359 765 invicem
1415 698 1770 785 adjuvant:
1824 697 1914 763 sic
1967 720 2221 787 quoque
2272 700 2482 789 anima
2531 712 2663 770 tota

632 808 891 899 prorsus
915 810 1327 870 consecretur
1355 801 1764 891 postulationi
1795 813 1860 868 et
1890 803 2181 869 charitati
2207 804 2489 881 Domini,
2524 831 2660 895 quae

632 916 753 981 n'ec
773 910 947 1001 vagis
967 919 1321 998 occupetur
1340 957 1359 984 ,
1395 921 1505 973 aut
1534 906 2022 975 circumferatur
2051 910 2534 999 cogitationibus
2552 961 2573 987 ,
2598 916 2664 979 et

630 1037 808 1107 spem
848 1030 1041 1105 atque
1076 1013 1581 1104 expectationem
1619 1036 1876 1080 omnem
1919 1018 2293 1083 collocatam
2332 1016 2560 1084 babeat
2589 1017 2661 1085 in

630 1121 903 1211 christo.
1327 1118 1330 1121 ’
1572 1208 1581 1218 ο

711 1227 793 1294 11.
847 1227 1059 1314 Atque
1093 1224 1219 1291 hoc
1259 1238 1447 1315 pacto
1488 1225 1814 1291 illucescet
1852 1226 1959 1292 ille
1983 1274 2001 1300 ,
2044 1226 2155 1314 qui
2193 1244 2427 1315 purum·
2472 1227 2663 1293 docet

622 1330 882 1421 petendi
922 1328 1222 1404 modum,
1267 1339 1334 1395 et
1376 1328 1656 1418 suggerit
1692 1329 2045 1396 orationem
2081 1353 2342 1420 puram,
2376 1331 2660 1420 spiritua·

617 1435 780 1512 lem,
809 1435 948 1502 Deo
978 1434 1233 1525 dignam
1253 1484 1271 1510 ,
1310 1446 1376 1500 et
1405 1458 1546 1523 quae
1570 1434 1685 1501 fit«
1715 1435 1789 1501 In
1819 1426 2044 1525 spiritu
2078 1447 2143 1501 et
2179 1437 2461 1511 veritate2
2498 1435 2659 1500 ado-

619 1541 975 1627 »rationem
1011 1540 1060 1607 ¹.
1115 1568 1140 1603 ι
1180 1540 1742 1620 Quemadmodum
1795 1564 1946 1607 vero
1972 1591 1993 1619 ,
2049 1540 2156 1628 qui
2208 1540 2659 1608 mercatoriam

622 1656 823 1712 artem
856 1646 1073 1734 elegit,
1118 1666 1250 1710 non
1292 1648 1557 1712 unicum
1603 1649 1808 1711 solum
1846 1647 2008 1712 lucri
2042 1645 2333 1710 faciendi
2350 1643 2665 1734 excogitat

617 1749 981 1824 inventum,
1030 1751 1143 1812 sed
1186 1751 1635 1833 undecumque
1677 1771 1905 1833 augere
1944 1758 2009 1811 et
2039 1751 2369 1814 cumulare
2404 1750 2662 1814 lucrum'

620 1853 894 1938 cogitur,
926 1849 1002 1914 ab
1027 1848 1149 1912 hae
1182 1848 1262 1912 ad
1291 1848 1478 1913 aliam
1500 1849 1809 1913 transiens
1843 1848 2161 1913 solertiam
2189 1861 2254 1913 et
2289 1832 2663 1929 inventui'n·

616 1948 851 2018 etinde
873 1950 1046 2014 aliud
1074 1950 1195 2014 iter
1214 1950 1582 2038 suscipienS‚
1617 1961 1683 2015 et
1712 1952 1790 2015 ab
1821 1974 1923 2026 eo,
1955 1953 2131 2037 quod
2163 1948 2327 2017 nihil
2361 1956 2665 2041 prodest,

618 2074 869 2142 semper
898 2052 1290 2132 transiliens,
1330 2055 1411 2119 ad
1447 2053 1551 2129 id,
1585 2057 1757 2141 quod
1786 2054 2202 2142 quaestuosius
2234 2067 2366 2130 est,
2405 2058 2613 2124 currit
2641 2084 2661 2147 ς

614 2159 706 2224 sic
741 2180 995 2247 quoque
1028 2181 1145 2223 nos
1185 2158 1461 2223 animam
1491 2171 1772 2224 nostram
1810 2160 1978 2224 varie
2009 2173 2075 2225 et
2101 2158 2440 2224 artificiose
2467 2162 2658 2227 ador-

606 2286 835 2331 nemus
860 2312 879 2340 ‚
938 2276 1009 2328 ut
1055 2264 1523 2330 lucrifaciamus
1572 2285 1794 2327 verum
1846 2285 1920 2327 ac
1981 2283 2310 2327 summum
2362 2264 2646 2341 lucrum,

608 2367 820 2438 Deum
861 2367 1205 2442 nimirum,
1251 2367 1359 2454 qui
1407 2368 1636 2432 doceat
1672 2388 1790 2429 nos
1832 2365 1898 2429 in
1940 2365 2206 2462 veritate
2247 2369 2515 2455 precari.
2553 2369 2653 2437 Ad

582 2472 788 2540 'hunc
832 2473 1027 2552 enim¹
1053 2472 1319 2537 modum
1370 2468 1713 2557 requiescit
1754 2468 2065 2535 Dominus
2105 2469 2173 2534 in
2215 2471 2382 2536 bona
2430 2473 2650 2538 animae

609 2579 964 2646 intentione
984 2626 1003 2654 ,
1033 2577 1340 2656 thronum
1363 2575 1577 2661 glorioe
1608 2597 1750 2644 eam
1780 2575 2178 2656 constituens
2199 2625 2216 2651 ,
2251 2577 2553 2654 insidens,
2584 2590 2648 2644 et

609 2683 1018 2770 requiescens
1052 2679 1120 2743 in
1151 2700 1244 2742 ea.
1293 2676 1401 2740 Sic
1439 2676 1612 2741 enim
1647 2679 1818 2765 apud
1846 2677 2246 2744 Ezechielem
2273 2682 2648 2769 prophetam

611 2785 966 2856 audivimus
1003 2781 1083 2846 de
1114 2779 1543 2880 spiritualibus
1567 2781 2017 2870 animalibus&
2055 2782 2404 2882 subjugatis
2435 2786 2645 2874 currui

613 2887 891 2963 Domini.
932 2881 1095 2953 Tota
1126 2884 1298 2950 enim
1331 2885 1584 2951 oculata
1617 2879 1801 2953 nobis
1834 2888 2135 2978 proponit
2161 2909 2258 2965 ea,
2292 2863 2650 2976 cujusmodi

620 3007 722 3062 est
777 2994 987 3059 anima
1043 3013 1183 3076 quae
1228 2988 1437 3056 Deum
1483 3003 1738 3081 gestat,
1791 2993 2076 3081 quinimo
2116 3016 2254 3083 quae
2289 3005 2564 3082 gestatur
2606 3017 2644 3060 a

612 3098 770 3169 Deo.
808 3095 914 3164 Fit
935 3094 1107 3160 enim
1130 3106 1262 3160 tota
1284 3095 1528 3162 oculus.

593 3245 602 3256 ,
693 3199 814 3268 m.
865 3198 947 3266 Et
974 3197 1516 3287 quemadmodum
1547 3199 1773 3266 domus
1792 3249 1811 3277 ,
1844 3223 1985 3290 quae
2011 3202 2338 3292 dominum
2370 3224 2646 3293 praesen-

617 3315 751 3385 tem
772 3305 990 3384 habet,
1009 3300 1182 3368 omni
1207 3300 1490 3367 abundat
1519 3316 1768 3380 ornatu,
1795 3306 2275 3395 pulchritudine
2292 3318 2359 3374 et
2379 3310 2641 3385 decore3

523 3421 540 3428 ”
616 3413 846 3477 eodem
884 3411 1077 3477 modo
1115 3407 1357 3490 anima,
1392 3427 1534 3495 quae
1562 3406 1907 3476 Dominum
1939 3434 2125 3478 suum
2158 3415 2327 3501 apud
2355 3436 2426 3479 se
2450 3414 2648 3502 ipsam·

616 3515 850 3589 habet,
882 3526 952 3581 et
975 3514 1042 3578 in
1073 3529 1139 3578 se
1168 3525 1568 3591 manentem,
1611 3516 1787 3582 omni
1825 3518 2382 3606 pulchritudineet
2412 3518 2649 3582 decore

614 3613 858 3710 repleta
902 3615 1046 3694 est,
1102 3616 1409 3706 siquidem
1460 3620 1807 3686 Dominum
1846 3645 1993 3687 cum
2039 3621 2467 3714 spiritualibus
2519 3621 2649 3688 suis

614 3723 927 3792 thesauris
967 3722 1427 3792 inhahitantem
1475 3723 1717 3802 habet,
1765 3738 1830 3792 et
1878 3730 2185 3820 aurigam.
2236 3728 2347 3798 Vae
2390 3725 2648 3803 domui,

614 3829 802 3919 cujus
844 3829 1137 3898 dominus
1165 3830 1627 3920 peregrinatur,
1664 3832 1896 3922 cuique
1925 3835 2223 3918 dominus
2254 3855 2388 3905 non
2422 3844 2655 3927 praesto

677 3975 698 4002 ⁸
723 3945 963 4050 ³⁰⁸⁰·{72
987 3963 1070 4026 ²⁴·
1092 3990 1149 4042 ss'·
1180 3976 1203 4004 ⁸
1223 3961 1404 4039 ⁸Buech-
1422 3978 1463 4026 ι,
1491 3977 1535 4016 ι.
1560 3980 1691 4028 ιη.
1713 3966 1860 4022 Hom.
1887 3985 1925 4034 1,
1961 3987 2004 4038 ι,
2035 3978 2090 4028 et
2106 3985 2251 4039 seqq.
