2982 4885
1048 620 1057 627 ·
1115 520 1371 604 notatu
1419 523 1598 604 xxvrs
1674 534 1683 541 ’
1866 556 1873 563 ·
2114 602 2125 611 ,
2210 514 2364 600 '26³1

335 672 520 743 fieret
558 674 760 739 omnis
807 670 997 750 honi:
1047 678 1371 764 perpende
1408 677 1471 740 in
1508 685 1807 763 quantam
1842 671 2264 738 humilitatem
2304 698 2371 747 se
2432 740 2443 755 ‚

338 780 685 867 abjecerit,
724 779 924 845 forma
961 781 1122 846 servi
1159 793 1418 867 accepta
1439 830 1455 855 ,
1493 782 1600 867 qui
1630 792 1726 844 est
1756 780 1959 855 Deus,
1985 778 2102 842 Dei
2134 776 2364 856 Filius,

332 885 494 959 Rex,
518 884 689 948 silius
710 885 918 972 Regis,
944 888 1186 974 donans
1222 886 1479 972 quidem
1513 886 1644 973 ipse
1670 883 1954 948 curantia
1985 882 2325 971 pharmaca
2346 929 2366 956 ‚

335 1012 689 1076 sanansque
718 992 1118 1065 vulneratos3
1146 992 1420 1055 exterius
1453 1003 1666 1054 tamen
1698 988 1868 1055 velut
1890 1008 2055 1051 unus
2073 987 2373 1050 vulnera-

335 1108 546 1163 torum
576 1117 903 1183 apparens.
1996 1104 2007 1115 ’

421 1200 660 1268 XXVI.
703 1200 1015 1266 Caeterum
1039 1224 1120 1266 ne
1152 1200 1460 1290 despicias
1482 1200 1759 1263 divinam
1791 1196 2186 1286 dignitatem,
2217 1199 2371 1263 dum

335 1305 652 1393 conspicis
695 1305 876 1369 illum
918 1306 1192 1371 exterius
1229 1303 1671 1378 humiliatum,
1734 1314 1805 1366 ut
1845 1303 2114 1369 similem
2146 1303 2367 1379 nobis;

305 1428 310 1431 ·
339 1423 604 1497 propter
622 1432 736 1474 nos
769 1410 859 1474 sie
887 1412 1199 1498 apparuit,
1227 1433 1354 1475 non
1379 1422 1643 1498 propter
1665 1430 1730 1471 se
1756 1406 1982 1495 ipsum.
2011 1409 2333 1495 Per-pende
2354 1456 2373 1483 ,

345 1534 421 1576 ea
438 1513 594 1577 hora
613 1535 740 1598 qua
762 1514 1147 1585 clamabant,
1171 1538 1196 1571 ι
1220 1512 1563 1598 crucifige,
1602 1510 1900 1598 crucifige
1916 1534 2065 1575 eum
2082 1511 2100 1544 ¹
2116 1538 2167 1584 ,ιι
2187 1532 2257 1574 ac
2272 1533 2379 1597 po·

348 1616 537 1704 pulus
587 1614 1046 1689 concurrebat,
1085 1638 1277 1701 quam
1308 1614 1678 1679 humiliatus
1712 1625 1848 1678 erat
1874 1636 2002 1702 prae
2033 1612 2328 1677 omnibus
2360 1615 2377 1676 l

352 1719 912 1799 Quemadmodum
945 1719 1009 1782 in
1041 1720 1231 1784 rebus
1265 1718 1755 1807 aspectabilibus
1795 1720 1846 1783 si
1876 1718 2015 1804 quis
2046 1718 2126 1782 sit
2150 1717 2382 1807 impro-

345 1824 502 1899 bus,
545 1836 879 1911 postquam
917 1825 1235 1913 acceperit
1259 1822 1640 1888 sententiam
1665 1844 1698 1886 a
1727 1822 2100 1911 magistratu
2132 1822 2211 1886 ah
2247 1822 2380 1888 uni-

289 1965 295 1971 ·
343 1952 523 1993 verso
559 1913 805 2017 populo
828 1929 1211 1997 execrationi
1250 1931 1621 2004 devovetur,
1660 1951 1732 1994 ac
1764 1927 2160 2017 contemptui
2192 1926 2384 1996 habe-

342 2046 496 2099 tur:
531 2017 637 2101 sic⁸
674 2058 927 2125 quoque
981 2036 1290 2102 Dominus
1337 2035 1498 2102 hora
1546 2034 1795 2113 crucis,
1846 2045 2146 2121 tanquam
2186 2032 2381 2099 homo

341 2141 533 2207 vitam
556 2166 704 2208 cum
738 2154 942 2207 morte
975 2153 1519 2216 commutaturus,
1552 2141 2058 2230 vilipendebatur
2090 2163 2124 2204 a
2154 2138 2380 2207 Phari-

344 2248 494 2310 saeis.
530 2249 801 2324 Quando
821 2269 1038 2309 rursus
1063 2259 1499 2332 conspuerunt
1530 2246 1593 2310 in
1615 2249 1861 2311 vultum
1889 2247 2029 2333 ejus
2048 2293 2065 2319 ,
2090 2259 2155 2309 et
2181 2245 2381 2334 impo-

346 2360 608 2413 suerunt
629 2348 690 2411 ei
719 2369 1022 2411 coronam
1055 2349 1370 2436 spinea1n3
1399 2360 1464 2410 et
1487 2350 1769 2434 colaphis
1800 2372 1948 2413 eum
1982 2349 2376 2421 ceciderunt,

345 2476 535 2545 quam
569 2474 700 2518 non
734 2474 1169 2539 supergressus
1209 2465 1304 2515 est
1349 2450 1819 2515 humilitatem?
1854 2452 2175 2538 Scriptum
2212 2453 2383 2519 enim

346 2571 445 2626 est
469 2584 485 2622 z
525 2585 549 2616 α
565 2556 843 2621 Dorsum
865 2578 1080 2620 meum
1099 2555 1245 2621 dedi
1266 2553 1733 2642 flagellantibus
1751 2604 1770 2631 ,
1798 2578 1920 2622 nec
1943 2556 2136 2622 averti
2155 2555 2380 2622 faciem

347 2684 601 2728 »meam
643 2684 677 2725 a
724 2660 1115 2749 turpitudine
1166 2660 1688 2749 conspuentium,
1730 2683 1851 2726 nec
1895 2684 2086 2750 genas
2128 2684 2301 2729 meas
2345 2685 2381 2727 a

347 2796 373 2830 ι
391 2763 941 2857 percutientibus².
965 2792 991 2826 ι
1012 2765 1200 2846 Quod
1218 2766 1268 2832 si
1285 2766 1456 2831 Deus
1473 2777 1677 2832 tantas
1694 2767 2131 2842 contumelias,
2152 2768 2382 2856 passio-

348 2897 495 2942 nem
522 2896 592 2938 ac
618 2870 1037 2959 humilitatem
1062 2871 1278 2945 subiit,
1302 2884 1395 2945 tu,
1425 2872 1533 2957 qui
1558 2884 1778 2936 natura
1794 2872 2063 2938 limuses
2079 2883 2144 2937 et
2158 2885 2387 2938 morta-

345 2979 421 3050 lis
452 2990 715 3050 natur-ce,
748 2990 1338 3064 quantumcumque
1367 2976 1733 3058 humiliatus
1756 2977 1972 3054 fueris,
2000 2978 2183 3056 nihil,
2208 2982 2383 3067 quod

347 3105 493 3148 cum
513 3082 786 3148 Domino
814 3073 923 3147 tuo
941 3085 1443 3172 comparandum
1471 3082 1574 3156 sit,
1597 3082 1840 3149 seceris.
1871 3084 2042 3149 Deus
2067 3084 2158 3150 tui
2180 3085 2379 3173 gratia

349 3212 416 3253 se
437 3189 639 3277 ipsum
673 3186 1026 3252 humiliavit
1035 3213 1056 3262 ‚-
1085 3200 1156 3252 tu
1175 3212 1324 3255 vero
1354 3189 1442 3254 tui
1467 3189 1666 3279 gratia
1692 3212 1821 3256 non
1850 3190 2128 3256 demittis
2153 3202 2241 3267 te,
2269 3192 2385 3257 sed

349 3292 661 3357 extolleris
673 3303 860 3379 atque
873 3291 1213 3358 insolescis.
1236 3293 1424 3360 Venit
1435 3295 1631 3368 enim,
1649 3307 1720 3359 ut
1734 3293 2104 3360 afflictiones
2114 3306 2180 3358 et
2191 3315 2385 3358 onera

351 3409 457 3462 tua
488 3399 779 3473 tolleret,
827 3419 897 3461 ac
928 3398 1216 3485 requiem
1249 3421 1425 3462 suam
1461 3399 1577 3464 tibi
1609 3398 1927 3466 conferret
1956 3421 1970 3461 :
2004 3408 2074 3461 tu
2106 3418 2256 3490 vero
2293 3398 2390 3463 la·

348 3500 531 3566 bores
566 3502 941 3594 sufferrenac
972 3503 1102 3589 pati
1135 3503 1351 3567 renuis
1381 3550 1404 3576 ,
1450 3525 1578 3592 quo
1620 3505 1864 3590 possint
1892 3501 2017 3567 hoc
2057 3514 2248 3590 pacto
2280 3514 2392 3569 tua

352 3607 609 3670 vulnera
629 3609 959 3682 sanitatem
994 3607 1314 3696 consequi.
1350 3606 1567 3674 Gloria
1599 3608 1680 3674 sit
1709 3608 2027 3698 patientiae
2057 3619 2123 3674 et
2151 3609 2377 3698 longa-

307 3789 312 3792 ·
358 3706 630 3776 nimitati
647 3711 840 3798 ipsius
863 3717 928 3779 in
960 3718 1206 3782 saecula.
1248 3699 1474 3782 Amen.

437 3856 453 3882 ¹
481 3844 597 3894 Luc.
626 3860 770 3907 xxm,
795 3862 871 3899 ιι.
893 3875 955 3889 -
978 3862 999 3887 ⁸
1024 3853 1138 3903 lut.
1169 3870 1215 3915 ι,
1232 3854 1284 3904 6.
