2982 4885
962 697 1143 746 maan
1186 702 1267 743 nn
1317 694 1681 741 nanninus.
2220 670 2353 759 579

316 838 571 880 cursum
613 817 896 883 debitum
935 815 1254 904 praeterire
1295 812 1467 877 nullo
1513 810 1704 875 modo
1760 804 2022 895 possint.
2063 806 2355 893 Hincque

313 922 509 987 effusa
549 922 782 987 Christi
811 921 1146 986 clementia
1190 918 1364 985 omni
1399 914 1909 981 manifestaretur
1939 911 2221 977 humano
2255 930 2360 998 go-

317 1026 453 1089 neri
478 1074 496 1100 ,
531 1025 638 1111 qui
671 1026 854 1112 justis
883 1039 948 1090 et
980 1024 1230 1111 injustis
1261 1022 1324 1087 in
1371 1021 1496 1085 hoc
1543 1019 1787 1089 mundo
1831 1038 2050 1103 parem
2089 1035 2359 1080 conces—

317 1128 470 1193 serit
506 1130 772 1217 gratiam
825 1130 1164 1204 bonitatis,
1194 1125 1574 1191 annuntians
1599 1173 1615 1197 ‚
1685 1150 1708 1182 ι
1750 1121 1876 1201 Qui
1923 1122 2121 1185 solem
2173 1140 2363 1185 suum

318 1232 513 1297 »oriri
544 1234 694 1300 facit
721 1258 914 1321 super
950 1234 1154 1321 justos
1183 1244 1252 1297 et
1282 1228 1550 1321 injustos
1585 1249 1600 1292 ε
1638 1239 1703 1292 et
1732 1226 1894 1313 pluit
1940 1248 2133 1315 super
2157 1225 2364 1290 bonos

320 1349 428 1403 »et
462 1338 723 1403 malos¹.
751 1367 775 1397 »
823 1339 932 1413 Et,
992 1366 1018 1398 ι
1065 1337 1392 1403 Noverunt
1447 1333 1686 1405 sidera,
1744 1331 1989 1417 inquit,
2037 1330 2368 1395 thesauros

322 1464 544 1516 »suos,
586 1456 650 1507 et
679 1463 939 1506 cursum
988 1440 1363 1528 dispositum
1403 1433 1784 1524 quotidie¹.»

323 1675 464 1724 cvl.
505 1634 820 1726 HAEREsls
857 1676 1152 1726 VETERIS
1185 1672 1636 1725 TESTAMENTI
1667 1634 1906 1723 uunTA
1943 1667 2370 1720 annotans·

414 1863 585 1928 Sua-r
615 1864 872 1951 quidam
895 1864 1212 1939 haeretici,
1242 1865 1352 1950 qui
1379 1866 1458 1930 de
1491 1864 1703 1931 Veteri
1731 1866 2138 1931 Testamento
2171 1863 2371 1927 multa

327 1970 708 2055 reprobant,
739 1969 802 2033 id
827 1968 954 2044 est,=
977 1968 1335 2034 Salomonis
1369 1962 1793 2035 Ecclesiasten
1816 2020 1833 2043 ‚
1866 1968 2086 2057 paucis
2117 1965 2377 2054 quidem

327 2075 757 2162 conscriptum
783 2073 1110 2138 sententiis
1129 2124 1145 2147 ‚
1171 2097 1432 2138 omnem
1463 2086 1675 2139 tamen
1705 2075 2075 2139 thesaurum
2102 2069 2375 2137 coelestis

330 2177 607 2240 scientim
643 2178 1074 2260 quaerentibus
1119 2179 1555 2241 continentem
1602 2202 1618 2242 ε
1668 2201 1811 2242 nam
1858 2180 2032 2264 quod
2080 2176 2374 2241 omnibus

332 2276 676 2363 sapiontior
699 2277 1014 2363 prioribus
1058 2279 1175 2349 sit,
1228 2279 1360 2363 ipse
1406 2279 1692 2343 Salvator
1715 2293 1975 2359 testatus
2007 2278 2165 2342 θεῖ’.
2213 2278 2377 2343 Cum

332 2382 550 2467 legunt
597 2403 747 2468 ergo
806 2403 822 2442 :
878 2408 899 2437 ι
925 2378 1153 2446 Omnia
1212 2381 1450 2445 vanitas
1503 2382 1791 2446 vanitatis
1844 2405 1985 2468 qnae
2030 2382 2148 2446 sub
2210 2383 2373 2448 coelo

335 2515 360 2547 ι
382 2484 628 2550 sunt⁴.»
677 2486 788 2559 Et,
843 2513 866 2543 «
899 2486 1259 2548 Desideravi
1290 2484 1525 2549 habere
1552 2533 1569 2559 ,
1614 2497 1685 2550 ut
1717 2486 1955 2552 dietum
1990 2500 2124 2562 est,
2161 2486 2375 2552 diver-

332 2618 357 2650 »
378 2590 504 2653 sa⁶.
529 2617 553 2647 »
589 2615 613 2647 ι
645 2589 721 2653 Et
757 2591 921 2654 Deus
942 2589 1097 2653 mihi
1131 2590 1326 2664 dedit,
1358 2591 1585 2677 inquit,
1621 2603 1685 2655 et
1708 2614 1858 2656 ecce
1888 2592 2099 2655 omnia
2128 2591 2371 2657 vanitas

336 2724 361 2754 ι
381 2695 687 2759 vanitatis.
721 2723 744 2753 ι
783 2694 999 2758 Solum
1017 2706 1225 2758 tamen
1246 2696 1365 2758 boc
1387 2708 1601 2782 postea
1629 2695 1801 2760 addit
1823 2719 1960 2760 esse
1975 2718 2008 2759 a
2030 2696 2191 2770 Deo,
2226 2706 2299 2761 ut
2321 2696 2376 2760 u·

337 2800 477 2885 quis
505 2803 848 2864 manducet
878 2812 939 2864 et
971 2800 1289 2874 bibat,.et
1333 2801 1687 2866 benefaciat
1724 2800 1947 2865 animae
1993 2823 2141 2865 suae.
2183 2800 2378 2880 Quod

229 2958 234 2964 .
339 2908 389 2970 si
429 2906 590 2970 hanc
623 2930 832 2973 escam
865 2889 1096 2981 solum,
1126 2919 1234 2982 aut
1266 2906 1436 2971 hunc
1465 2919 1684 2994 potum
1711 2906 1865 2972 dixit
1895 2929 2032 2971 esse
2061 2906 2239 2972 istius
2266 2925 2378 2970 εω-

339 3014 503 3086 culi,
551 3012 895 3098 utilemque
934 3012 1253 3075 carnalem
1283 3060 1300 3085 ‚
1342 3011 1504 3076 nihil
1540 3025 1749 3092 autern
1806 3010 2033 3075 futurae
2081 3009 2221 3075 vitae
2251 3010 2377 3074 im-

340 3120 621 3184 mortalis
649 3119 818 3182 aliud
836 3117 1180 3189 nuntiavit,
1207 3117 1267 3180 in
1293 3140 1525 3182 vanum
1559 3117 1890 3182 hominum
1923 3117 2104 3182 labor
2135 3116 2377 3201 impen-

344 3225 532 3288 ditur.
551 3223 716 3306 Ergo
726 3225 896 3306 qnod
911 3222 1342 3310 aitApostolus
1357 3223 1433 3286 de
1444 3222 1826 3309 quibusdam
1844 3243 1859 3284 ε
1884 3219 2377 3286 «Manducemus

345 3357 369 3387 »
390 3340 455 3390 et
494 3325 783 3389 bibamus
803 3372 818 3394 ,
848 3348 984 3387 cras
1013 3330 1180 3391 enim
1215 3327 1601 3393 moriemur⁶
1629 3376 1647 3402 ,
1675 3355 1699 3385 »
1747 3327 1920 3412 quod
1955 3323 2240 3412 profecto
2269 3345 2381 3411 pa·

344 3453 651 3522 ganorum
681 3478 699 3504 ‚
734 3441 798 3494 et
836 3426 1292 3515 Epicureorum
1340 3449 1433 3498 est
1489 3435 1628 3500 talis
1677 3432 1971 3505 haeresis,
2038 3454 2177 3517 quae
2235 3429 2380 3496 vita

345 3539 665 3627 pecudum
714 3543 1136 3619 comparatur.
1206 3559 1229 3590 α
1274 3534 1551 3622 Ideoque
1590 3539 1782 3603 homo
1831 3538 1894 3602 in
1939 3537 2181 3602 honore
2225 3557 2380 3601 cum

347 3672 372 3702 ιι
392 3654 554 3705 osset
573 3689 588 3712 ,
617 3660 741 3703 non
772 3626 1076 3700 intellc'xit
1096 3684 1112 3708 ,
1148 3649 1547 3723 comparatus
1580 3653 1674 3702 est
1702 3642 2056 3726 pecudibus
2087 3639 2384 3728 insipien-

347 3742 599 3809 »tibus⁷
645 3765 712 3806 z»
762 3741 1305 3827 Salomon-itaque
1349 3755 1415 3807 et
1460 3747 1775 3809 carnalem
1819 3746 2012 3811 vitam
2046 3747 2384 3813 hominum

351 3872 383 3914 a
421 3850 554 3914 Deo
598 3870 962 3913 concessam
1005 3845 1070 3911 in
1110 3843 1325 3910 multis
1363 3846 1592 3913 divitiis
1627 3848 1974 3923 nuntiavit,
2004 3862 2070 3914 et
2098 3851 2381 3918 suturam

421 4036 433 4056 ¹
480 4020 662 4071 Matth.
699 4037 745 4074 v.
786 4021 868 4078 45.
920 4044 983 4056 —
1019 4032 1039 4055 ⁸
1087 4017 1259 4069 Bamc.
1309 4034 1398 4078 m,
1441 4018 1534 4076 ³3,
1570 4018 1651 4078 3⁴.
1702 4045 1765 4057 —
1805 4020 2027 4071 ’ustui-
2080 4036 2187 4081 xii,
2213 4023 2294 4080 ⁴2.
2323 4052 2386 4067 ..-

350 4106 374 4145 ⁴
412 4100 571 4152 Eccle.
609 4119 646 4162 ι,
693 4099 765 4158 ¹4·
794 4127 856 4140 —
883 4098 1004 4150 ⁸1d.
1028 4116 1084 4159 n,
1123 4099 1152 4147 3
1178 4107 1228 4151 et
1258 4114 1334 4150 ιι.
1369 4125 1429 4142 σ-
1465 4102 1489 4138 ⁶
1518 4117 1536 4148 i
1567 4100 1687 4151 Cor.
1711 4116 1793 4161 xv,
1816 4100 1897 4150 ³2.
1931 4127 1989 4140 -
2022 4111 2039 4145 1
2064 4101 2186 4151 Psat.
2212 4119 2389 4167 ιινιιι,

355 4185 414 4236 23
439 4192 490 4236 et
514 4201 595 4236 οι.

2059 4264 2166 4355 37.
2208 4273 2215 4278 ’
