2982 4885
605 546 693 604 ao
1290 540 1338 584 s.
1392 536 1657 587 lucam
1700 535 1973 585 nemu

600 658 915 727 malarum
939 650 1374 732 affectionum,
1396 654 1461 721 in
1486 679 1611 745 qua
1633 655 1904 745 degebat
1922 676 1994 722 ac
2017 653 2268 721 vivebat
2284 654 2487 745 prius,
2516 678 2645 726 non

603 762 873 853 amplius
909 760 1166 828 exaudit
1202 761 1267 827 in
1305 785 1372 828 se
1415 762 1549 852 ipsa
1584 785 1806 828 vocem
1846 759 2301 851 cogitationum
2347 763 2647 829 tenebra-

602 892 767 935 rum.
817 868 958 936 Non
1004 868 1274 957 amplius
1318 868 1575 935 auditur
1615 892 1824 937 sermo
1874 880 1940 935 et
1994 869 2233 935 clamor
2273 866 2645 934 frivolarum

603 972 1127 1063 disputationum,
1154 984 1219 1037 et
1245 973 1447 1037 turhae
1472 973 1810 1062 spirituum
1827 972 2276 1040 tenebrarum:
2306 972 2418 1038 sed
2439 984 2644 1038 trans-

598 1080 807 1157 fertur
830 1078 894 1144 in
924 1078 1249 1144 civitatem
1282 1079 1585 1144 bonitatis
1617 1092 1682 1144 et
1710 1078 1886 1169 pacis
1914 1080 2197 1169 plenam,
2232 1078 2296 1143 in
2327 1078 2645 1144 civitatem

600 1183 824 1252 divinae
849 1184 1034 1260 lucis,
1072 1181 1202 1250 illic
1233 1182 1386 1249 vivit
1411 1197 1476 1249 et
1503 1184 1703 1259 audit,
1741 1184 1869 1250 illic
1901 1195 2337 1258 conversatur,
2367 1185 2648 1273 loquitur

601 1303 666 1359 et
688 1289 1102 1356 ratiocinatur
1115 1289 1269 1365 illic,
1290 1302 1594 1379 operatur
1606 1312 1799 1379 opera
1816 1288 2163 1378 spiritualia
2182 1300 2250 1354 et
2270 1290 2404 1355 Deo
2430 1289 2635 1379 digna.

686 1398 803 1464 lx,
859 1397 1131 1464 Oremus
1163 1395 1354 1485 igitur
1382 1409 1448 1462 et
1478 1420 1618 1472 nos,
1655 1409 1725 1463 ut
1754 1420 1869 1486 per
1905 1397 2206 1463 virtutem
2238 1396 2378 1483 ejus
2410 1409 2647 1463 macte·

550 1512 551 1515 ’
599 1525 771 1579 mur,
797 1516 863 1568 et
885 1503 1237 1568 moriamur
1255 1504 1486 1568 saeculo
1512 1502 1767 1569 malitiae
1793 1502 2229 1577 tenebrarum,
2254 1501 2444 1589 inque
2460 1501 2644 1568 nobis

602 1606 1007 1696 extinguatur
1030 1605 1302 1695 Spiritus
1332 1607 1622 1696 peccati,
1663 1606 2133 1695 induamurque
2161 1618 2228 1673 et
2258 1605 2645 1693 accipiamus

605 1714 883 1781 animam
921 1713 1194 1801 Spiritus
1226 1715 1533 1789 coelestis,
1571 1734 1647 1778 ac
1679 1713 2138 1778 transferamur
2166 1736 2245 1777 ex
2273 1711 2508 1778 malitia
2548 1725 2644 1777 te·-

603 1816 950 1881 nebrarum
1000 1814 1063 1878 in
1105 1816 1325 1880 lumen
1375 1815 1661 1891 Christi,
1710 1817 1792 1881 ad
1832 1816 2363 1904 requiescendum
2408 1817 2472 1883 in
2518 1816 2643 1883 vita

602 1946 718 2015 per
747 1921 961 1987 omnia
989 1923 1238 1987 saecula.
1276 1920 1487 1988 Veluti
1519 1921 1694 1987 enim
1718 1923 1782 1987 in
1816 1945 2009 1988 cursu
2041 1923 2389 1990 stadiorum
2422 1945 2643 1989 currus

609 2038 1005 2095 antevertens
1030 2023 1316 2114 impedit,
1345 2026 1656 2115 reprimit,
1693 2039 1880 2115 atque
1914 2029 2210 2117 prohibet
2238 2029 2532 2104 alterum,
2564 2052 2646 2094 ne

608 2131 1050 2224 progrediatur
1101 2143 1164 2195 et
1223 2131 1502 2219 palmam
1548 2133 1866 2221 praeripiat
1900 2155 1916 2197 z
1967 2133 2056 2205 sic
2089 2147 2180 2217 ‘et
2236 2134 2646 2225 cogitationes

609 2237 836 2307 animae
880 2248 944 2301 et
971 2236 1231 2325 {peccati
1263 2250 1532 2303 currunt
1571 2237 1635 2302 in
1670 2238 1947 2305 homine.
1995 2238 2060 2305 Si
2101 2263 2253 2330 ergo
2283 2240 2640 2330 contingat,

610 2341 1054 2432 cogitationem
1090 2343 1335 2431 peccati
1382 2345 1786 2431 praecedere,
1826 2343 1889 2411 id
1933 2345 2231 2434 impedit,
2279 2346 2538 2421 avertit,
2582 2357 2646 2412 et

611 2449 909 2539 prohibet
931 2447 1203 2518 animam
1226 2497 1245 2525 ,
1280 2473 1362 2516 ne
1382 2450 1850 2539 appropinquet
1881 2452 2011 2518 Deo
2027 2501 2045 2527 ,
2069 2465 2137 2519 et
2165 2452 2496 2518 victoriam
2532 2454 2646 2518 ad-

608 2576 825 2621 versus
856 2567 1191 2642 peccatum
1225 2566 1546 2641 reportet3
1581 2556 1693 2619 ubi
1722 2578 1872 2621 vero
1894 2556 2203 2624 Dominus
2238 2557 2372 2646 ipse
2405 2557 2646 2626 inscen-

610 2662 719 2726 dat
741 2671 806 2723 et
830 2661 1142 2746 gubernet
1174 2657 1449 2722 animam
1472 2709 1490 2734 ,
1530 2681 1779 2749 semper
1814 2660 1921 2727 illa
1951 2660 2279 2727 victoriam
2310 2662 2647 2749 consequi-

608 2777 746 2840 tur,
779 2785 1003 2850 regens
1038 2773 1103 2827 et
1141 2762 1381 2826 ducens
1414 2762 1690 2830 scienter
1727 2788 1986 2831 currum
2029 2767 2253 2833 animae
2290 2791 2405 2856 per
2432 2767 2646 2832 omnia

608 2871 688 2936 ad
717 2871 1004 2934 coelestes
1028 2889 1102 2932 ac
1137 2865 1991 2959 divinas-contemplationes.
2029 2871 2170 2939 Non
2202 2871 2374 2937 enim
2402 2873 2645 2938 bellum

604 2974 765 3064 ger-it
797 2985 1017 3039 contra
1042 2971 1372 3047 malitiam,
1411 2974 1523 3038 sed
1546 2997 1694 3041 cum
1722 3001 1838 3066 pro
1872 2977 2138 3044 arbitrio
2169 2991 2234 3043 et
2267 2977 2646 3043 auctoritate

604 3102 718 3144 sua
751 3077 999 3166 quidvis
1030 3077 1254 3165 agendi
1298 3090 1675 3167 potestatem
1713 3081 1944 3148 habeat
1960 3101 1990 3158 ,·
2010 3083 2344 3150 victoriam
2377 3083 2509 3172 ipse
2541 3105 2644 3170 pa-

605 3197 724 3252 rat.
755 3183 1050 3272 Aguntur
1081 3182 1271 3271 igitur
1306 3183 1653 3251 Cherubim
1673 3237 1692 3263 ,
1734 3210 1862 3253 non
1893 3211 2022 3276 quo
2045 3191 2339 3278 progredi
2376 3191 2639 3263 volunt:

606 3287 718 3354 sed
752 3311 875 3375 qua
914 3310 1118 3353 sessor
1154 3300 1219 3352 et
1254 3289 1529 3377 dirigens
1569 3292 1784 3366 ducit,
1823 3315 2077 3380 quoque
2119 3294 2376 3360 libuerit
2408 3292 2532 3368 illi,
2566 3313 2642 3357 eo

601 3392 1120 3482 progrediuntur,
1147 3404 1214 3458 et
1243 3395 1380 3460 illos
1403 3395 1667 3483 bajulat.
1710 3427 1735 3459 ι
1760 3398 1982 3466 Manus
2010 3397 2215 3473 enim,
2244 3397 2475 3485 inquit,
2509 3407 2645 3460 erat

604 3526 630 3561 n
651 3498 769 3564 sub
804 3497 923 3586 ilus
945 3497 992 3563 ¹.
1024 3526 1050 3560 ι
1096 3499 1429 3565 Ducuntur
1461 3500 1686 3567 animae
1717 3516 1977 3578 sanctae,
2016 3515 2083 3568 et
2104 3514 2413 3590 reguntur
2443 3523 2478 3566 a
2509 3499 2645 3587 Spi-

602 3600 733 3667 ritu
771 3599 1042 3677 Christi,
1085 3602 1190 3689 qui
1236 3604 1448 3692 dirigit
1486 3605 1624 3671 illas
1668 3629 1795 3694 quo
1840 3610 2008 3684 vult,
2055 3619 2122 3673 et
2163 3607 2485 3672 interdum
2525 3625 2645 3692 pro

600 3708 926 3773 voluntate
979 3729 1091 3772 sua
1141 3730 1255 3795 per
1298 3712 1586 3777 coelestes
1642 3712 2097 3801 cogitationes,
2150 3711 2475 3779 interdum
2529 3730 2648 3795 per

488 3877 491 3880 .
602 3833 835 3901 corpus
868 3833 884 3875 τ
926 3812 1036 3878 ubi
1066 3812 1359 3889 libuerit,
1406 3814 1536 3883 illic
1563 3817 1624 3881 ei
1657 3818 2036 3885 ministrant.
2077 3813 2645 3899 Quemadmodum

600 3917 773 3984 enim
795 3918 985 4005 pedes
1005 3917 1340 3989 volucrum
1364 3933 1515 3989 sunt
1540 3923 1651 3994 alae
1680 3945 1697 3988 ε
1724 3923 1813 3992 sic
1839 3927 2095 3996 coeleste
2117 3925 2339 4002 lumen
2369 3911 2644 4010 Spiritus

666 4061 681 4085 ⁸
707 4050 883 4104 Ezecb.
909 4067 961 4113 x,
991 4069 1069 4107 n,
