2982 4885
1001 522 1004 525 ¹
1112 591 1118 597 ρ
1158 519 1414 566 nouam
1463 521 1652 567 xxm.
2295 496 2422 597 235

389 639 685 729 cjplinam
707 635 1042 705 militarem
1063 662 1082 713 ς
1112 649 1249 702 tum
1275 641 1516 704 luctam
1540 636 1968 712 committere,
2001 658 2075 702 ac
2099 650 2423 706 certamen

383 738 548 823 ‘inire
581 744 874 809 adversus
908 740 1234 817 Satanam,
1271 764 1342 808 ac
1383 745 1587 825 multo
1623 765 1812 808 cursu
1843 755 1907 808 et
1937 744 2284 811 certamine
2314 767 2422 811 re-

385 846 634 955 portata
665 847 942 913 victoriae
963 848 1196 938 palma,
1223 834 1488 913 ev‘adere
1516 846 1963 914 Christianum.
1997 848 2063 914 Si
2088 849 2229 939 quis
2251 848 2425 925 enim

387 978 466 1039 ex
495 953 710 1019 auditu
735 954 973 1030 solum,
1011 952 1248 1042 absque
1278 955 1408 1018 ullo
1439 944 1659 1035 labore
1688 951 2050 1045 efficeretur
2079 956 2264 1021 bonae
2284 978 2424 1055 par·

385 1060 499 1143 tis,
547 1059 739 1128 etiam
785 1082 893 1163 qui
945 1056 1251 1125 theatrica
1299 1082 1534 1149 pompa
1575 1058 1887 1148 gaudent,
1926 1072 1992 1125 et
2045 1074 2422 1183 scortatores

388 1189 640 1249 omnes,
687 1163 1028 1263 ingressuri
1060 1178 1207 1247 sunt
1235 1164 1301 1230 in
1334 1188 1643 1256 regnum
1636 1186 1710 1230 ac
1741 1163 1981 1235 vitam·
2015 1177 2080 1231 at
2115 1188 2303 1253 nemo
2333 1158 2423 1253 eis

388 1270 689 1362 largietur
709 1295 852 1339 eam
883 1272 1119 1360 absque
1139 1272 1358 1353 labore
1384 1294 1455 1351 ac
1479 1264 1734 1393 pugna!
1713 1266 2071 1371 ,siquidem
2099 1299 2125 1333 ι
2134 1240 2423 1363 Angusta

388 1389 528 1445 »est
565 1400 638 1442 ac
673 1374 1027 1441 afflictionis
1068 1379 1256 1473 plena
1288 1373 1422 1442 via¹
1443 1402 1465 1454 ς
1500 1404 1527 1437 ι
1558 1400 1673 1481 per
1709 1374 1911 1475 ipsam
1940 1400 2226 1497 asperam
2256 1377 2423 1477 viam

391 1479 691 1561 transire,
713 1474 998 1559 tolerare
1030 1491 1094 1555 et
1125 1478 1313 1569 affligi
1338 1480 1624 1571 oportet,
1658 1495 1724 1547 et
1753 1481 1842 1547 sic
1848 1482 2111 1591 ingredi
2142 1482 2356 1549 vitam.

477 1578 660 1653 XXI.
713 1582 778 1647 Si
819 1582 990 1663 enim
1036 1580 1275 1689 absque
1305 1580 1526 1651 labore
1557 1608 1862 1676 prospero
1894 1609 2194 1665 successu
2224 1585 2317 1651 uti
2347 1585 2427 1653 li-

390 1686 661 1769 cuisset,
705 1710 834 1754 non
883 1680 1152 1793 amphus
1191 1680 1353 1781 lapis
1403 1688 1765 1769 offensionis
1807 1714 1880 1771 ac
1920 1704 2101 1782 petra
2145 1691 2426 1763 scandali

388 1807 554 1911 esset
599 1791 1134 1875 christianismus,
1183 1817 1305 1875 nec
1359 1792 1516 1873 fides
1561 1808 1628 1861 et
1675 1782 2030 1875 infidelitas.
2080 1796 2426 1875 Constituis

387 1892 644 1987 insuper
675 1921 929 1987 quoque
960 1897 1286 1966 bominem
1331 1892 1734 1976 devinctum,
1778 1890 2243 1981 immutabilem
2286 1913 2427 1977 tum

385 1996 464 2067 ad
496 2001 768 2081 bonum,
807 2015 943 2069 tum
978 2006 1058 2069 ad
1086 1996 1349 2083 malum.
1395 2003 1649 2070 Etenim
1682 1998 1775 2083 ei,
1818 1998 1922 2095 qui
1952 2000 2189 2103 mutari
2218 2017 2430 2093 potest

305 2190 328 2205 .
386 2102 449 2173 in
482 2121 818 2198 utramque
853 2122 1133 2201 partem,
1186 2111 1286 2187 lex
1316 2109 1457 2174 data
1493 2123 1628 2187 est3
1663 2108 1720 2189 ei
1754 2108 2088 2187 nimirum,
2122 2108 2231 2199 qui
2263 2106 2429 2177 libe-

385 2236 531 2280 rum
564 2216 860 2293 arbitium
884 2215 1115 2292 habet,
1142 2227 1214 2278 ut
1237 2215 1476 2291 bellum
1509 2228 1687 2303 gerat
1715 2216 2011 2281 adversus
2038 2212 2426 2297 contrariam

385 2330 782 2419 potestatem.
835 2319 1156 2393 Devinctae
1202 2317 1372 2381 enim
1415 2330 1656 2381 naturae
1699 2320 1802 2381 lex
1848 2321 1976 2403 ιιοιι
2025 2318 2421 2407 imponitur:

388 2444 598 2509 neque
645 2419 817 2485 enim
858 2421 980 2493 sol,
1025 2440 1233 2505 neque
1278 2420 1514 2483 coelum
1565 2431 1673 2484 aut
1708 2430 1873 2492 terra
1911 2424 2048 2508 lege
2084 2432 2422 2487 tenentur:

390 2525 537 2616 quia
575 2537 884 2589 creaturae
924 2534 1073 2587 sunt
1109 2524 1314 2611 ligata}
1335 2534 1615 2606 naturfflg
1645 2523 1815 2587 unde
1839 2545 1958 2588 nec
1980 2524 2280 2620 praemio,
2307 2547 2429 2591 nec

369 2629 700 2720 supplicio
740 2626 1093 2715 subjacent.
1135 2627 1360 2692 Honor
1390 2627 1563 2691 enim
1607 2642 1672 2693 et
1712 2627 1909 2716 gloria
1949 2639 2301 2718 praeparata
2333 2641 2431 2700 est

390 2725 482 2822 ei,
526 2736 697 2823 quod
739 2734 1021 2816 converti
1069 2744 1282 2822 potest
1319 2735 1399 2798 ad
1442 2734 1683 2798 bonum
1720 2755 1735 2796 ε
1783 2755 1820 2797 e
1860 2733 2105 2798 diverso
2143 2755 2293 2799 vero
2325 2757 2429 2825 ge-

337 2909 354 2922 „
387 2835 598 2942 benna
631 2851 695 2904 et
731 2836 1109 2938 supplicium
1150 2837 1355 2903 eidem
1403 2838 1693 2904 mutabili
1728 2851 1968 2904 naturae
2001 2853 2428 2928 praeparatum

383 2961 515 3024 est,
549 2969 686 3035 quae
712 2969 940 3036 nempe
978 2956 1186 3034 potest
1219 2943 1454 3009 evitare
1485 2947 1764 3021 malum,
1802 2968 1875 3010 ac
1908 2968 2167 3034 vergere
2199 2945 2280 3011 ad
2316 2946 2427 3011 bo-

386 3035 532 3128 nam
558 3064 623 3118 ct
654 3052 937 3118 dextram
970 3065 1237 3140 partem.
1267 3049 1436 3115 Ecce
1469 3050 1691 3122 asseris
1720 3074 1869 3115 cum
1902 3052 2105 3141 ligatae
2136 3063 2376 3154 naturae
2405 3074 2423 3117 t

388 3159 628 3236 bonurn
654 3180 803 3246 crgo
827 3157 1035 3223 virum
1059 3181 1187 3222 non
1213 3157 1544 3224 constituis
1568 3159 1755 3234 laude
1786 3156 2066 3247 dignum.
2102 3159 2230 3241 Qui
2254 3149 2427 3226 enim

391 3286 422 3340 a
457 3278 678 3329 natura
711 3274 1075 3332 mansuetus
1109 3285 1180 3328 ac
1214 3263 1419 3342 bonus
1455 3276 1582 3338 cst,
1620 3287 1749 3338 non
1785 3264 1906 3329 erit
1938 3266 2126 3330 laude
2161 3262 2424 3354 dignus,

359 3443 364 3456 f
383 3368 671 3456 quamvis
695 3368 773 3432 sit
793 3368 1241 3434 desiderabilis.
1265 3355 1406 3446 Non
1425 3370 1596 3436 enim
1623 3369 1970 3446 landabile,
2008 3368 2158 3432 licet
2191 3365 2431 3433 deside-

363 3474 626 3549 rabile,
684 3476 858 3561 quod
920 3495 1049 3552 non
1109 3485 1206 3535 est
1259 3495 1338 3535 ex
1408 3473 1733 3563 proposito
1789 3471 2054 3535 bonum.
2110 3469 2222 3534 Ille
2262 3470 2433 3537 onim

355 3565 577 3678 laude
609 3580 831 3669 dignus
853 3591 981 3653 est,
1008 3577 1116 3665 qui
1139 3577 1397 3667 proprio
1432 3577 1641 3652 studio
1667 3598 1795 3674 non
1822 3574 2060 3662 absquo
2084 3577 2434 3680 certamine

367 3699 470 3846 ἲς
499 3703 708 3768 pugna
741 3683 1146 3778 amplectitur
1175 3681 1349 3782 quod
1379 3682 1620 3760 bonum
1644 3692 1773 3756 est,
1806 3679 2006 3746 libera
2039 3661 2283 3778 arbitrii
2321 3702 2434 3760 yo-

422 3795 637 3847 untate
666 3787 912 3849 ductus

482 3884 697 3952 XXII.
747 3883 1018 3954 Perinde
1064 3913 1136 3984 ac
1177 3891 1227 3957 si
1267 3893 1350 4006 sit
1371 3893 1559 4014 acies
1582 3892 1989 4010 {ki-sarum,
2030 3904 2293 4004 atque
2267 3889 2436 3994 acies

465 4015 481 4059 ⁵
512 4017 696 4075 noum
720 4030 812 4084 vm
841 4022 915 4085 ιιι
1111 4011 1130 4024 “
1157 3977 1228 4020 *³³⁴
