2982 4885
878 497 884 503 ’
980 525 1162 570 nnn
1208 525 1287 568 nn
1335 522 1700 569 manemus.
2234 501 2365 592 529

336 664 469 708 non
509 651 684 706 recte
724 638 1044 728 accipiunt
1071 688 1089 714 ,
1144 651 1427 704 creatum
1475 641 1806 703 credentes
1842 659 1979 704 esse
2025 649 2090 704 et
2125 636 2365 707 sactum

332 758 621 810 sanctum
656 743 961 832 Spiritum
980 795 996 818 ,
1024 765 1151 808 non
1180 745 1385 809 Deum
1407 793 1425 819 ,
1462 745 1629 809 sicut
1661 741 2005 832 Scripturae
2028 744 2363 822 nuntiant,

338 863 405 915 et
431 851 713 916 Ecclesia
748 849 1058 915 catholica
1089 851 1411 938 praedicat.

335 1086 471 1135 mx.
506 1083 821 1134 HAERESIS
847 1083 1007 1133 ALIA
1032 1083 1124 1133 DE
1145 1083 1531 1134 PAsanrls
1554 1083 1994 1137 catomum
2020 1088 2364 1142 Tssuronz.

423 1276 581 1341 Anu
615 1287 710 1339 est
746 1273 1033 1347 haeresis,
1070 1296 1208 1358 quae
1247 1273 1468 1337 asserit
1505 1294 1654 1338 cum
1683 1270 1921 1339 Judaeis
1964 1275 2199 1341 debere
2232 1273 2372 1342 lieri

335 1378 597 1446 Pascha.
630 1381 738 1444 Isti
763 1379 828 1443 in
859 1379 1125 1449 Galatia,
1150 1391 1215 1442 et
1237 1378 1445 1465 Syria,
1473 1391 1537 1443 et
1567 1377 1836 1466 Phrygia
1865 1395 2372 1456 commorantur,

338 1500 402 1549 et
434 1482 873 1570 Jerosolymis,
908 1495 972 1547 et
1001 1503 1149 1545 cum
1178 1483 1434 1548 Judaeos
1471 1496 1851 1569 sequantur,
1888 1486 2073 1550 simili
2107 1508 2256 1550 cum
2284 1486 2376 1550 eis

246 1620 255 1627 -
341 1611 557 1653 errore
593 1591 961 1676 depereunt.
1010 1588 1206 1673 Inque
1245 1589 1367 1652 hoc
1408 1601 1474 1652 et
1513 1611 1700 1653 suum
1739 1588 1945 1653 Judaei
1994 1587 2380 1654 confirmant

340 1692 769 1769 mendacium,
800 1708 946 1757 cum
978 1692 1307 1780 pervident
1332 1696 1641 1780 quosdam
1667 1692 2059 1759 Christianos
2085 1694 2375 1759 indocto·

341 1802 493 1887 legis
526 1822 747 1863 eorum
782 1798 977 1884 magis
1007 1799 1184 1884 sequi
1216 1798 1578 1871 vanitatem,
1616 1820 1806 1886 quam
1837 1802 2122 1887 regulam
2156 1799 2382 1865 catho-

340 1910 477 1995 lica}
502 1904 817 1979 veritatis,
861 1917 926 1968 et
960 1904 1369 1969 nihilominus
1403 1904 1489 1969 illi
1523 1927 1671 1969 cum
1707 1906 1858 1970 istos
1893 1906 2259 1981 celebrant,
2315 1918 2387 1970 ut

341 2026 669 2081 consortes
710 2011 1081 2075 ‹Judaeorum
1127 2010 1409 2075 criminis
1447 2024 1512 2075 et
1561 2012 1811 2077 sceleris
1858 2011 2380 2090 manifestantur,

344 2133 533 2205 atque
567 2117 646 2181 ab
677 2115 973 2179 omnibus
1013 2115 1485 2202 dignoscuntur.

1073 2325 1182 2371 Lx.
1223 2324 1650 2374 APocnYPm„

420 2522 717 2585 fimum
748 2528 844 2580 est
871 2513 1061 2578 etiam
1091 2534 1229 2598 quae
1261 2510 1674 2598 Apocrypha,
1695 2510 1760 2575 id
1790 2524 1909 2586 est,
1943 2525 2188 2577 secreta
2221 2513 2379 2579 dici-

354 2640 481 2698 tur,
515 2645 653 2710 quae
678 2623 882 2685 solum
898 2617 1265 2705 Prophetas,
1294 2629 1358 2681 et
1380 2616 1720 2704 Apostolos
1743 2617 2004 2705 accipit,
2025 2638 2152 2681 non
2174 2618 2389 2709 Scrip-

353 2744 524 2796 turas
555 2725 915 2798 canonicas
944 2724 1009 2787 id
1031 2734 1149 2796 est,
1185 2724 1391 2810 legem
1420 2734 1486 2786 et
1505 2719 1880 2809 Prophetas,
1910 2719 2109 2787 Vetus
2142 2723 2388 2790 scilicet

351 2848 417 2900 et
453 2837 702 2904 Novum
740 2833 1235 2899 Testamentum.
1279 2828 1362 2894 Et
1393 2849 1543 2894 cum
1579 2831 1800 2894 volunt
1836 2831 2044 2894 solum
2079 2830 2180 2895 ina
2213 2831 2393 2920 Apo-

352 2945 595 3033 crypha
626 2944 834 3029 legere
858 2936 1159 3010 studiose,
1184 2934 1498 3000 contraria
1532 2934 1879 3023 Scripturis
1902 2935 2226 3002 canonicis
2253 2958 2396 3003 sen-

353 3053 519 3118 tiunt
547 3101 563 3126 ,
622 3060 809 3135 atque
857 3042 1169 3132 paulatim·
1210 3040 1674 3129 dogmatizant,
1732 3053 1954 3132 contrp
2006 3064 2111 3106 ens
2166 3043 2390 3109 dantes

356 3157 732 3230 sententias;
753 3163 975 3218 contra
998 3150 1204 3236 legem
1236 3158 1301 3211 et
1327 3145 1697 3234 Prophetas,
1733 3159 2083 3233 contraque
2102 3147 2389 3234 disputa-

355 3275 560 3335 tiones
599 3259 1109 3326 beatissimorum
1143 3255 1593 3342 Apostolorum
1636 3254 1923 3317 consulta
1970 3263 2307 3337 ponentes,
2355 3273 2394 3316 e

356 3374 585 3462 quibus
616 3379 763 3432 sunt
783 3364 1053 3426 maxime
1070 3360 1423 3434 Manichaei,
1445 3356 1756 3430 Gnostici,
1779 3354 2126 3432 Nicolaitae.
2167 3351 2388 3420 Valen-

253 3506 257 3510 ’
358 3476 578 3546 tiniani
622 3484 686 3536 et
723 3467 825 3533 alii
854 3461 1345 3550 quamplurimi,
1379 3462 1488 3545 qui
1515 3456 2387 3549 apocryphaProphetarum

357 3601 424 3653 et
444 3579 918 3670 Apostolorum,
935 3569 1001 3633 id
1017 3578 1135 3639 est,
1155 3565 1352 3629 Actus
1366 3572 1684 3651 separatos
1697 3567 2029 3638 habentes,
2052 3565 2393 3631 canonicas
2490 3597 2502 3606 -

357 3693 567 3775 legere
599 3679 954 3765 Scripturas
979 3679 1417 3735 contemnunt.
1454 3666 1719 3754 Propter
1748 3672 1920 3754 quod
1948 3680 2255 3734 statutum
2294 3683 2394 3737 est

363 3794 440 3858 ab
489 3783 840 3874 Apostolis,
882 3792 1200 3845 eteorum
1239 3772 1709 3839 successoribus
1734 3823 1750 3847 ,
1800 3795 1929 3837 non
1962 3772 2132 3839 aliud
2160 3775 2281 3864 legi
2329 3779 2394 3842 in

361 3892 645 3963 Ecclesia
689 3887 919 3952 dehere
960 3879 1268 3947 catholica
1292 3927 1309 3952 ,
1354 3876 1471 3941 nisi
1519 3879 1722 3964 legem
1748 3925 1765 3957 ,
1801 3888 1867 3942 et
1897 3875 2281 3966 Prophetas,
2328 3895 2398 3947 et

359 3996 695 4088 Evangelia
718 4007 782 4062 et
806 3992 1005 4058 Actus
1028 3986 1503 4074 Apostolorum,
1536 3995 1602 4050 et
1619 3982 1796 4050 Pauli
1829 3985 2135 4052 tredecim
2148 3986 2393 4075 episto·-

592 4121 811 4167 nvtu.
2092 4090 2179 4167 34
