2982 4885
2167 387 2208 410 O

570 532 699 611 228
1248 527 1294 570 ί.
1356 526 1621 571 uacant!
1664 525 1935 571 ΙΟΥΡΤΠ

572 646 798 711 umbra
822 641 1123 717 veritatis,
1139 654 1203 707 et
1220 644 1487 730 mystice
1511 640 1909 731 praefigurata
1931 660 2144 706 veram
2162 633 2611 707 describebant

562 754 840 828 ‚salutem
872 750 1128 816 inclusae
1155 749 1431 814 tenebris
1462 750 1711 823 animoe,
1741 762 1928 835 atque
1954 743 2328 835 compeditae
2354 748 2517 812 clam
2543 748 2609 812 in

577 859 722 928 lacu
768 855 1026 931 infimo,
1058 868 1123 921 et
1161 856 1326 920 intus
1363 855 1622 922 inclusae
1661 854 1860 943 portis
1905 855 2131 928 aeneis,
2182 865 2247 918 et
2290 875 2432 940 quae
2477 876 2610 919 non

572 961 771 1051 possit
797 961 1032 1046 absque
1064 958 1295 1025 Christi
1323 961 1763 1048 redemptione
1796 960 2071 1025 liberari.

656 1066 743 1133 X.
794 1064 1026 1130 Educit
1063 1064 1252 1151 igitur
1302 1063 1579 1130 animam
1627 1089 1705 1131 ex
1751 1065 2024 1153 AEgypto
2052 1114 2069 1139 ,
2115 1076 2214 1139 et,
2261 1084 2380 1150 qua
2425 1064 2488 1128 in
2525 1085 2603 1130 ea

567 1171 1004 1261 premebatur,
1061 1170 1394 1244 servitute,
1453 1171 1887 1259 primogenitis
1943 1170 2081 1257 ejus
2135 1169 2480 1235 intersectis
2539 1170 2604 1234 in

571 1298 845 1364 egressu.
885 1272 924 1338 J
931 1296 1032 1340 am
1069 1275 1241 1338 enim
1274 1297 1418 1362 pars
1449 1278 1739 1361 quaedam
1769 1277 2067 1365 potentiae
2097 1276 2229 1340 veri
2264 1275 2606 1342 Pharaonis

572 1379 806 1458 interit.
844 1378 1082 1444 Luctus
1106 1392 1379 1467 occupat
1407 1380 1754 1468 AEgyptioS.
1796 1379 2225 1467 Ingemiscnnt
2255 1380 2425 1444 enim
2448 1401 2602 1444 con-

576 1484 807 1562 tristati
841 1485 922 1549 de
946 1484 1147 1550 salute
1177 1484 1424 1572 captivi.
1453 1484 1493 1550 J
1499 1486 1655 1551 ubet
1693 1497 1915 1550 mutuo
1947 1485 2236 1574 accipere
2270 1486 2348 1550 ab
2382 1485 2607 1572 AEgyp·

574 1590 681 1670 ⁴tiis
717 1612 861 1656 vasa
890 1612 1077 1655 aurea
1115 1602 1180 1654 et
1211 1603 1507 1678 argentea
1529 1640 1547 1666 ,
1589 1604 1653 1659 et
1684 1592 1756 1657 iis
1798 1591 2073 1680 acceptis
2095 1589 2328 1677 egredi.
2363 1587 2611 1677 Accipit

574 1696 790 1771 onim,
838 1696 1167 1782 egrediens
1213 1717 1287 1758 ex
1336 1695 1615 1760 tenebris
1663 1694 1911 1771 anima,
1968 1708 2261 1780 argentea
2314 1707 2380 1758 et
2423 1713 2612 1758 altrea

577 1823 753 1874 vasa,
780 1798 1103 1868 videlicet,
1141 1818 1284 1859 suas
1312 1798 1544 1881 probas
1568 1796 1983 1880 cogitationes
2007 1797 2296 1881 septuplo
2319 1797 2618 1861 fervidio-

577 1928 708 1982 res,
746 1902 976 1987 quibus
1004 1898 1398 1962 ministratur
1419 1899 1555 1963 Deo
1573 1946 1591 1972 ‚
1626 1910 1692 1961 et
1722 1899 1784 1961 in
1808 1897 2041 1984 quibus
2075 1900 2243 1964 Deus
2268 1901 2624 1986 conquies-

576 2007 682 2072 cit.
719 2002 1156 2088 Disperserant
1186 2001 1356 2065 enim
1380 2050 1397 2074 ,
1440 2003 1547 2088 qui
1586 2003 1762 2089 prius
1799 2003 1991 2068 vicini
2024 2004 2082 2067 ei
2115 2015 2331 2080 erant,
2367 2006 2615 2069 daemo-

573 2128 685 2184 nes
710 2153 730 2180 ,
763 2114 829 2167 et
849 2117 1239 2192 occuparant
1270 2127 1341 2170 ac
1373 2105 1747 2195 dissiparant
1781 2108 2192 2196 cogitationes
2224 2107 2386 2193 ejus.
2415 2108 2604 2174 Beata

577 2208 818 2280 anima.
855 2231 996 2295 quae
1029 2210 1357 2297 redempta
1386 2221 1482 2275 est
1509 2233 1545 2275 e
1578 2210 1894 2277 tenebris!
1932 2211 2013 2276 Et
2039 2234 2127 2276 voe
2162 2212 2386 2277 animae
2408 2261 2425 2288 ,
2471 2235 2602 2300 quae

577 2334 707 2378 non
744 2313 1000 2388 clamat,
1043 2334 1160 2377 nec
1187 2310 1542 2401 ingemiscit
1574 2315 1654 2380 ad
1685 2336 1832 2380 eum
1853 2364 1871 2390 ,
1907 2315 2016 2402 qui
2048 2327 2258 2403 potest
2279 2339 2422 2383 eam
2449 2318 2603 2382 libe-

579 2441 719 2487 rare
743 2440 777 2484 a
799 2418 1082 2485 molestis
1113 2418 1233 2484 illis
1258 2430 1322 2484 et
1354 2419 1598 2486 acerbis
1627 2442 1895 2512 operum
1925 2421 2364 2487 exactoribus!

667 2524 782 2592 XI.
836 2525 1095 2591 Abeunt
1154 2522 1266 2590 filii
1322 2525 1518 2590 Isi-aiil
1572 2526 1893 2592 celebrato
1958 2526 2283 2593 Paschate.
2354 2527 2600 2593 Proficit

582 2630 788 2697 anima
809 2677 830 2704 ,
887 2652 1028 2715 quae
1089 2628 1333 2714 accepit
1392 2629 1584 2693 vitam
1639 2631 1836 2697 sancti
1899 2632 2170 2719 Spiritus
2190 2681 2207 2706 ,
2265 2633 2601 2721 degustavit

580 2734 834 2819 Agnum
856 2781 875 2808 ‚
928 2732 1195 2819 ejusque
1234 2732 1539 2819 sanguine
1584 2748 1773 2801 uncta
1811 2750 1944 2812 est,
1981 2749 2047 2802 et
2088 2739 2365 2804 comedit
2392 2759 2600 2802 verum

582 2858 815 2925 panem
836 2884 854 2918 ‚
890 2834 1171 2900 Verbum
1202 2835 1433 2901 vivum.
1480 2838 1790 2905 Columna
1824 2843 1985 2929 ignis
2003 2855 2068 2908 et
2100 2845 2389 2909 columna
2417 2843 2601 2907 nubis

577 2941 717 3005 illos
751 2937 1058 3028 praecedit
1080 2940 1441 3006 custodiens
1467 2942 1485 2975 ¹
1518 2966 1534 3009 ε
1565 2943 1834 3033 Spiritus
1860 2961 2112 3015 sanctus
2142 2947 2412 3013 suffulcit
2433 2946 2546 3010 hos
2570 2989 2589 3018 ,

575 3042 795 3107 fovens
856 3054 921 3106 et
987 3042 1260 3131 dirigens
1310 3046 1373 3109 in
1424 3047 1836 3136 intelligentia
1898 3053 2192 3119 animam.
2246 3052 2484 3117 Pharao
2535 3062 2601 3115 et

576 3145 856 3234 AEgyptii
879 3143 1306 3213 animadversa
1330 3151 1549 3239 populi
1580 3153 1907 3222 Israelitici
1931 3158 2075 3248 suga
2095 3208 2113 3235 ,
2140 3180 2330 3246 seque
2352 3155 2614 3222 servitio

576 3273 800 3333 eorum
843 3251 1155 3341 privatum
1176 3302 1195 3329 ,
1228 3266 1293 3319 ot
1334 3269 1474 3342 post
1501 3258 2071 3349 primogenitorum
2105 3265 2616 3335 interfectionem

573 3356 869 3446 persequi
916 3358 1092 3424 illum
1139 3380 1326 3425 ausus
1368 3372 1483 3426 est.
1536 3363 1937 3434 Festinanter
1970 3392 2120 3457 ergo
2161 3370 2453 3434 curribus
2481 3367 2606 3432 suis

574 3459 849 3545 junctis,
893 3483 1041 3525 cum
1081 3463 1255 3528 omni
1291 3470 1528 3553 populo
1560 3472 1641 3535 ad
1668 3493 1778 3537 eos
1819 3472 2291 3541 interficiendos
2331 3475 2609 3560 impelle-

575 3564 765 3631 batur
791 3586 808 3628 :
833 3562 1223 3653 jamjamque
1256 3567 1541 3638 futurum
1588 3597 1736 3643 cum
1770 3590 1971 3656 esset,
2027 3593 2094 3645 ut
2126 3578 2619 3669 permiscet-etun

572 3667 688 3743 eis,
717 3669 1072 3736 intercessit
1101 3672 1302 3739 nubes
1335 3675 1401 3740 in
1433 3679 1644 3744 medio
1666 3729 1683 3756 ,
1719 3704 1859 3768 quae
1892 3684 2010 3750 hos
2041 3686 2300 3773 quidem
2331 3680 2610 3747 tenebris

571 3770 835 3839 obrutos
875 3773 1292 3863 impediebat3
1338 3781 1476 3846 illos
1517 3805 1666 3851 voro
1705 3787 1850 3853 luce
1882 3790 2159 3855 ducebat
2187 3801 2253 3853 et
2284 3807 2612 3852 conserva-

575 3878 701 3944 bat.
762 3878 841 3944 Et
884 3901 964 3945 ne
1001 3879 1327 3950 historiam
1372 3898 1586 3963 totam?
1618 3892 1913 3960 evolvens
1953 3894 2315 3988 produc-am
2359 3889 2632 3977 longius·

634 4029 650 4055 ⁸
681 4015 843 4068 Brod.
870 4033 974 4078 xiv,
1006 4036 1085 4085 ις),
1117 4037 1190 4072 ὀ.
