2982 4885
617 506 745 595 296
1287 519 1332 558 s.
1392 514 1650 558 uacaau
1699 505 1963 555 ite-vnn

613 667 776 718 cam,
806 638 1108 730 paulatim
1141 634 1432 700 eamdem
1459 631 1827 701 immutans,
1866 627 2067 691 donec
2092 625 2333 689 auxerit
2361 646 2504 689 eam
2536 649 2650 695 suo

614 751 805 840 ipsius
831 748 1243 811 incremento,
1278 737 1575 805 Extendit
1611 735 1782 799 enim
1814 745 1878 797 ct
1904 733 2200 821 producit
2225 755 2366 797 eam
2406 735 2487 797 ad
2517 732 2650 798 infi-

613 856 818 920 nitum
849 864 914 917 et
944 851 1326 915 immensum
1355 854 1765 932 augmentum
1788 888 1805 915 ,
1835 841 2038 905 donec
2070 838 2561 904 incontaminata
2586 852 2650 905 et

615 961 798 1048 digna
834 981 911 1023 eo
954 977 1179 1045 sponsa
1224 953 1464 1019 evadat.
1519 949 1802 1014 Primum
1840 946 2011 1011 enim
2054 946 2252 1034 gignit
2293 968 2428 1009 eam
2478 949 2652 1034 apud

615 1066 1061 1155 semetipsum,
1105 1074 1291 1148 atque
1324 1068 1509 1147 auget
1541 1079 1653 1143 por
1685 1077 1751 1118 se
1791 1053 2037 1140 ipsum,
2072 1053 2277 1117 donec
2303 1074 2648 1138 consequa-

616 1187 720 1238 tur
759 1174 1065 1259 integram
1104 1187 1466 1233 mensuram
1512 1160 1865 1227 dilectionis
1906 1159 2064 1246 ejus.
2120 1161 2259 1247 lpse
2302 1159 2470 1223 enim
2504 1180 2652 1224 cum

618 1281 696 1344 sit
718 1300 984 1366 sponsus
1028 1273 1370 1362 persectuS,
1406 1267 1665 1336 assumit
1695 1289 1834 1331 eam
1870 1285 2165 1354 sponsam
2189 1263 2555 1353 perfectam,
2584 1263 2653 1330 in

615 1395 902 1449 sanctam
924 1431 941 1457 ,
985 1402 1279 1445 arcanam
1303 1389 1368 1442 et
1405 1374 1800 1466 impollutam
1837 1371 2206 1437 societatem
2240 1370 2595 1459 nuptiarum
2620 1394 2647 1445 3

616 1503 881 1577 tumque
906 1498 1124 1576 regnat
1149 1485 1340 1550 simul
1361 1505 1508 1547 cum
1543 1503 1619 1546 eo
1654 1479 1718 1544 in
1753 1475 1995 1543 infinita
2025 1479 2268 1543 saecula.
2301 1476 2523 1542 Amen.

2477 1696 2661 1724 ΜὯΜ

622 1713 756 1741 tm
762 1712 891 1736 xm
899 1705 1645 1736 ΜΜἏΜΜὶἪἊΜ
1652 1703 1784 1729 mm
1791 1703 2197 1728 mmmm

1260 1871 1655 1941 HOMILIA
1704 1871 2022 1938 XLVIII.

1119 2093 1238 2158 De
1253 2084 1584 2186 perfecta
1594 2083 1757 2180 fide
1791 2089 1865 2155 in
1897 2091 2144 2157 Deum.

712 2301 761 2366 1.
817 2301 1100 2365 Donamus
1137 2301 1200 2365 in
1246 2299 1584 2388 Evangelio
1621 2321 1766 2364 suos
1809 2297 2167 2387 Discipulos
2206 2300 2287 2363 ad
2318 2301 2657 2387 perfectam

628 2404 823 2473 fidem
864 2406 1181 2471 deducere
1217 2405 1471 2479 volens,
1519 2403 1715 2470 dixit:
1773 2429 1798 2463 α
1833 2402 1959 2483 Qui
2001 2402 2067 2467 in
2109 2403 2362 2469 modico
2398 2403 2656 2470 infidelis

628 2541 654 2573 ι
674 2524 793 2588 est,
828 2524 892 2575 ot
924 2510 987 2574 in
1023 2513 1225 2575 multo
1256 2507 1527 2574 infidelis
1552 2523 1664 2575 est.
1696 2508 1776 2572 Et
1800 2508 1995 2596 qui'in
2021 2509 2284 2574 minimo
2310 2509 2509 2576 fidelis
2536 2521 2653 2582 est,

633 2629 741 2679 ‚ct
793 2614 857 2678 in
907 2615 1110 2678 multo
1141 2613 1343 2678 fidelis
1380 2626 1475 2677 est
1506 2613 1555 2678 ¹.
1598 2643 1623 2675 a
1664 2615 1836 2694 Quid
1877 2628 1972 2679 est
2004 2615 2326 2680 modicum
2353 2667 2369 2691 .
2414 2629 2477 2682 et
2511 2610 2661 2703 quid

630 2730 728 2784 ost
765 2719 1094 2781 multum?
1134 2716 1454 2779 Modicum
1498 2730 1644 2781 sunt
1686 2719 2133 2805 promissiones
2177 2722 2389 2786 saeculi
2435 2721 2617 2807 hujus
2640 2742 2678 2792 ἐ

635 2843 776 2910 quae
802 2818 1090 2907 promisit
1110 2840 1176 2881 se
1201 2819 1628 2904 praestiturum
1651 2823 2060 2888 credentibus
2082 2826 2175 2898 ei,
2203 2827 2617 2891 velutvictum
2639 2873 2657 2899 ,

633 2925 931 2991 vestitum
968 2934 1033 2986 et
1079 2921 1386 3008 reliquam
1441 2926 1724 3014 corporis
1768 2930 2260 3003 recreationem,
2297 2942 2402 2994 aut
2439 2930 2661 2994 sanita-

635 3039 797 3100 tem,
846 3036 908 3089 et
955 3025 1219 3119 similia3
1261 3030 1634 3119 praecipiens
1678 3033 1938 3099 omniuo
1973 3057 2103 3100 non
2147 3033 2475 3099 sollicitum
2523 3054 2665 3098 esse

637 3133 714 3195 de
751 3129 886 3205 his,
920 3130 1033 3194 sed
1066 3154 1180 3219 per
1218 3130 1518 3198 fiduciam
1552 3135 1613 3198 in
1642 3159 1790 3201 eum
1828 3161 2116 3225 sperare,
2160 3141 2330 3227 quod
2356 3139 2665 3204 Dominus

636 3234 922 3323 provisor
959 3257 1183 3299 eorum
1205 3282 1222 3309 ‚
1259 3236 1363 3322 qui
1397 3238 1478 3300 ad
1517 3261 1662 3302 eum
1696 3244 2100 3332 confugiunt,
2136 3267 2253 3335 per
2274 3244 2482 3310 omnia
2508 3244 2668 3309 futu·

636 3364 744 3404 rus
782 3339 922 3406 sit2.
955 3339 1225 3404 Multum
1261 3352 1473 3404 autem
1506 3355 1653 3408 sunt
1687 3347 1904 3412 aeterni
1942 3361 2132 3437 atque
2174 3350 2668 3439 incorruptibilis

641 3443 852 3507 saeculi
884 3444 1085 3519 dona,
1129 3465 1270 3530 quae
1308 3444 1592 3531 promisit
1629 3471 1696 3514 se
1739 3453 2120 3519 collaturum
2154 3457 2557 3520 credentibus
2605 3455 2672 3518 in

641 3571 814 3622 cum,
838 3562 902 3613 et
920 3549 992 3612 iis
1012 3549 1119 3635 qui
1144 3550 1380 3637 absque
1404 3556 1530 3620 ulla
1557 3555 2016 3626 intermissione
2034 3564 2113 3627 de
2136 3562 2208 3628 iis
2229 3546 2382 3627 sunt·
2395 3559 2674 3642 solliciti,

642 3663 706 3717 ct
739 3666 1010 3739 poscunt
1041 3657 1118 3719 ab
1150 3679 1248 3733 oo,
1287 3659 1430 3745 quia
1464 3661 1554 3728 sic
1587 3665 1906 3753 praecepit.
1956 3695 1981 3725 ι
2017 3667 2142 3734 Vos
2175 3679 2412 3743 autem,
2439 3666 2671 3752 inquit,

643 3759 947 3849 »quaerite
972 3760 1248 3849 primum
1282 3789 1547 3854 regnum
1587 3769 1742 3845 Dei,
1771 3784 1848 3851 ,et
1880 3771 2190 3860 justitiam
2226 3775 2366 3861 ejus
2392 3823 2410 3849 ,
2444 3785 2509 3838 et
2542 3773 2676 3838 haec

642 3865 896 3930 »omnia
927 3867 1308 3955 adjicientur
1335 3872 1512 3939 vobis
1535 3871 1555 3906 ³
1589 3897 1606 3938 ε
1636 3902 1662 3937 ι
1708 3888 1776 3942 ut
1806 3900 1883 3943 ex
1916 3877 2010 3944 his
2042 3880 2313 3951 modicis
2345 3893 2410 3947 et
2442 3892 2678 3968 tempos

711 4013 729 4048 ⁰
755 4002 876 4059 Ioue.
896 4018 1002 4071 xvi,
1034 4021 1109 4062 ιο.
1132 4033 1195 4051 -
1223 4023 1243 4052 ο
1273 4008 1454 4065 Maub-
1486 4025 1559 4080 vu,
1581 4011 1666 4073 δι.
1691 4039 1753 4055 -
1775 4015 1798 4053 ³
1819 4012 1947 4078 laid.
1971 4014 2054 4077 3³.
