2982 4885
675 462 800 580 ’ἐρα
1459 486 1724 552 hiemi
1769 480 2042 551 AEci'rffl

670 648 815 694 nem
836 614 1044 690 dedita
1076 639 1270 709 opera
1311 630 1378 686 et
1406 625 1700 687 consulto
1728 623 2016 686 excolere
2049 632 2279 686 terram
2317 600 2526 687 cordis
2554 597 2652 686 sui
2678 659 2699 695 o

665 743 730 797 et
758 728 1065 796 laborare.
1089 725 1381 814 Requirit
1411 726 1583 791 enim
1611 725 1781 791 Deus
1803 725 2116 806 laborem,
2147 721 2606 813 fatigationem,
2628 746 2702 790 ac

658 833 1090 924 operationem
1145 831 1222 898 ab
1267 831 1528 897 homine
1577 850 1847 897 :verum
1894 831 2014 896 nisi
2071 833 2345 920 desuper
2391 852 2704 921 apparue-

658 941 787 1006 rint
809 940 1011 1005 nubes
1041 938 1356 1013 coelestes,
1386 957 1458 1002 ac
1491 936 1719 1025 pluviae
1743 935 1984 1025 gratim,
2021 935 2181 1004 nihil
2216 937 2507 1026 proderit
2522 935 2706 1029 *agri-

660 1047 815 1112 colae
845 1046 1046 1111 labor.

748 1149 866 1217 XI.
902 1149 1041 1213 Hoc
1078 1140 1420 1213 autemest
1462 1143 1769 1211 indicium
1801 1143 2128 1210 christiani
2161 1146 2394 1220 cultus,
2433 1156 2711 1232 quantos

664 1253 803 1342 quis
833 1252 1081 1318 labores
1116 1249 1525 1326 sustinuerit,
1559 1263 1625 1316 ct
1657 1262 1925 1339 quantas
1954 1249 2227 1338 justitias
2257 1248 2605 1339 peregerit,
2632 1269 2709 1316 ac

662 1360 713 1426 si
767 1359 923 1424 nihil
952 1355 1304 1433 effecisset,
1351 1355 1434 1422 ita
1476 1379 1544 1423 se
1589 1379 1850 1446 gerere,
1892 1366 1957 1420 et
1987 1355 2100 1420 ubi
2129 1356 2268 1442 quis
2298 1352 2704 1442 jejunaverit,

664 1467 921 1533 dicere:
973 1490 998 1524 ι
1032 1463 1169 1531 Non
1193 1461 1475 1553 jejunavi
1489 1488 1510 1539 ς
1540 1490 1569 1527 n
1617 1463 1728 1529 ubi
1758 1474 2052 1552 precatus
2086 1460 2317 1526 suerit:
2368 1459 2542 1527 «Non
2564 1479 2708 1523 sum

663 1556 966 1663 precatus
1010 1591 1027 1634 ε
1077 1597 1104 1630 ι
1154 1568 1267 1641 ubi
1307 1567 1375 1633 in
1424 1568 1714 1635 oratione
1770 1568 2286 1657 perseveraverit,
2329 1594 2356 1626 ι
2405 1564 2542 1631 Νοιι
2573 1586 2708 1652 per-

666 1677 977 1751 severavi,
1012 1697 1184 1739 nnnc
1217 1673 1429 1738 adhuc
1470 1674 1706 1759 incipio
1751 1694 1857 1735 me
1895 1694 2192 1735 exercere
2216 1694 2290 1734 ac
2313 1669 2694 1735 elaborare.»

665 1779 742 1845 Et
779 1781 929 1843 licet
963 1776 1169 1859 juetus
1201 1774 1280 1837 sit
1317 1774 1488 1858 apud
1518 1773 1763 1839 Deum,
1802 1771 1993 1832 debet
2025 1770 2238 1832 dicere
2276 1794 2292 1832 ε
2337 1797 2362 1828 α
2394 1771 2536 1835 Non
2569 1792 2713 1836 sum

658 1881 902 1970 justus,
949 1897 1156 1959 neque
1195 1873 1453 1946 laboro,
1505 1875 1616 1935 sed
1658 1870 1894 1956 incipio
1934 1871 2238 1965 quotidie.
2302 1901 2327 1932 ι
2386 1872 2719 1942 caeterum

661 2005 779 2077 per
793 1979 1068 2063 singulos
1094 1975 1226 2039 dies
1247 1973 1484 2038 habere
1513 1973 1702 2035 debet
1721 1995 1926 2059 spem,
1954 1974 2283 2061 gaudium,
2304 1998 2375 2040 ac
2396 1973 2714 2047 fiduciam

662 2088 740 2149 de
785 2081 996 2146 futuro
1027 2099 1224 2166 regno
1265 2098 1337 2140 ac
1379 2073 1843 2163 redemptione,
1883 2079 2155 2144 dicens:
2206 2107 2233 2139 ι
2263 2079 2332 2146 Si
2361 2079 2553 2145 hodio
2577 2105 2708 2150 non

658 2214 684 2249 ι
730 2186 1032 2251 liberatus
1071 2205 1236 2258 sum,
1272 2201 1411 2247 cras
1444 2178 1786 2247 liberabor.
1821 2209 1865 2244 ι
1903 2183 2462 2265 Quemadmodum
2504 2187 2701 2265 enim,

656 2291 766 2382 qui
796 2291 1035 2379 plantat
1069 2288 1318 2363 vineam
1341 2335 1358 2362 ,
1393 2284 1568 2374 prius
1606 2307 1800 2372 quam
1835 2286 2139 2374 suscipiat
2171 2288 2482 2366 laborem,
2524 2314 2700 2381 spem

659 2399 830 2466 fovet
859 2395 1030 2486 apud
1061 2417 1128 2461 se
1154 2415 1226 2459 ac
1250 2390 1581 2482 gaudium,
1616 2390 2079 2480 adumbratque
2103 2391 2168 2456 in
2191 2407 2404 2461 mente
2436 2418 2546 2462 sua
2571 2397 2699 2463 vin·

660 2505 921 2579 domiaS,
943 2514 1133 2589 atque
1156 2510 1457 2588 supputat
1482 2497 1744 2571 reditus,
1782 2499 2072 2562 nondum
2104 2511 2255 2563 nato
2278 2499 2424 2565 vino
2447 2514 2551 2567 :et
2576 2501 2694 2570 hac

659 2611 905 2676 ratione
941 2607 1229 2669 laborem
1266 2600 1645 2687 aggreditur.
1688 2598 1846 2688 Spes
1896 2601 2067 2666 enim
2108 2615 2296 2691 atque
2344 2608 2693 2694 expectatio

644 2713 937 2794 ‚reddunt
967 2708 1148 2770 illum
1181 2706 1454 2767 alacrem
1498 2705 1578 2766 ad
1607 2703 2028 2769 laborandum
2051 2755 2071 2783 ,
2099 2720 2164 2773 et
2193 2710 2416 2774 tandiu
2445 2734 2481 2776 e
2504 2735 2571 2777 re
2599 2710 2694 2777 fa-

657 2814 888 2885 miliari
917 2830 1178 2897 magnos
1199 2806 1498 2894 expendit
1527 2819 1833 2897 sumptus.
1875 2809 2105 2884 Itidem
2138 2814 2247 2900 qui
2278 2815 2546 2883 aedificat
2578 2817 2713 2882 do-‘

655 2943 861 2998 mum,
903 2924 1013 2981 aut
1055 2925 1290 2977 terram
1320 2912 1890 3002 excolit,.primum
1933 2917 2012 2981 de
2046 2940 2162 2982 suo
2199 2922 2397 2986 multa
2445 2934 2686 3012 erogat,

657 3033 920 3113 propter
948 3028 1324 3105 conceptam
1356 3039 1534 3104 spem
1566 3017 1761 3083 suturi
1794 3020 2078 3101 reditus:
2113 3024 2340 3090 eodem
2369 3026 2559 3090 modo
2589 3047 2692 3110 res

657 3131 763 3197 hic
816 3149 883 3192 se
922 3123 1150 3197 habet,
1192 3122 1312 3188 nisi
1365 3122 1504 3210 quis
1549 3147 1676 3213 prae
1725 3126 1928 3191 oculis
1960 3127 2257 3196 habuerit
2286 3113 2587 3221 gaudium
2618 3153 2690 3198 ac

657 3255 858 3324 spem,
888 3227 1223 3301 videlicet,
1274 3252 1300 3285 ι
1335 3227 1811 3296 consecuturus
1869 3254 2010 3297 sum
2063 3235 2570 3324 redemptionem
2616 3258 2690 3302 ac

656 3343 887 3414 vitam,
915 3362 943 3398 ι
980 3356 1109 3400 non
1151 3331 1386 3421 poterit
1442 3334 1751 3401 sustinere
1805 3335 2213 3414 afflictiones,
2248 3363 2457 3427 neque
2504 3363 2685 3419 onus,

623 3517 626 3522 ,
656 3467 775 3513 nec
818 3451 1146 3530 angustam
1182 3436 1348 3502 viam
1387 3439 1727 3529 suscipere.
1762 3439 1918 3531 Spes
1956 3442 2126 3507 enim
2164 3466 2236 3509 ac
2267 3444 2602 3534 gaudium,
2638 3441 2690 3509 si

656 3571 806 3616 eum
835 3545 1245 3618 comitentur,
1273 3540 1562 3609 efficiunt
1600 3557 1671 3609 ut
1700 3546 1833 3633 ipse
1864 3546 2136 3625 laboret,
2173 3570 2245 3614 ac
2262 3547 2540 3636 perferat
2568 3547 2689 3613 tri-

649 3654 1029 3727 bulationes,
1050 3663 1238 3738 atque
1258 3672 1445 3728 onuS,
1478 3661 1544 3716 et
1576 3661 1904 3736 angustam
1929 3650 2092 3715 viam
2113 3651 2433 3739 suscipiat.

773 3758 919 3826 XII.
955 3754 1516 3835 Quemadmodum
1551 3764 1761 3816 autem
1794 3754 2042 3820 nonnisi
2071 3778 2316 3821 summa
2347 3778 2497 3820 cum
2521 3753 2687 3821 diffi-

649 3865 911 3936 cultate,
943 3860 1129 3925 torris
1135 3855 1427 3950 effugit'
1409 3880 1657 3945 ignem,
1682 3858 1772 3924 sic
1802 3881 2057 3949 quoque
2087 3859 2208 3929 nec
2234 3860 2441 3928 anima
2474 3861 2685 3951 ignem

649 3965 898 4044 mortis,
950 3963 1072 4033 nisi
1115 3981 1364 4034 summo
1420 3985 1569 4031 cum
1617 3963 1854 4036 labore.
1895 3957 2210 4036 Caeterum
2246 3986 2683 4059 saepenumero
