2982 4885
543 521 672 604 ἰοί
1214 517 1262 596 s.
1319 551 1584 600 meatu
1630 550 1895 601 savrra

530 648 1032 734 misericordiam
1075 688 1256 732 suam
1286 669 1486 736 exerit
1518 692 1534 732 :
1578 692 1654 735 ac
1687 667 2030 757 purificans
2060 691 2176 736 nos
2212 671 2409 737 verbo
2436 664 2580 740 οωὲ

536 765 713 842 lesti,
754 783 999 844 utentes
1034 786 1314 840 mortuas
1361 798 1434 840 ac
1471 777 1829 863 deperditas
1866 797 1983 864 per
2015 776 2248 841 bonam
2287 769 2569 865 ipsorum

537 871 984 964 Apostolorum
1036 880 1582 947 conversationem
1628 893 1694 947 et
1744 881 2099 947 doctrinam
2117 930 2136 955 ‚
2178 880 2452 949 vivificat
2503 896 2573 951 et

530 980 833 1067 suscitat..
855 982 1159 1052 Creatura
1184 984 1497 1073 siquidem
1522 986 1691 1054 fovet
1716 1008 1789 1052 ac
1808 984 2083 1052 vivificat
2111 988 2373 1052 alteram
2398 1009 2568 1054 crea-

534 1096 765 1172 turam.
794 1087 1066 1156 Perinde
1088 1112 1162 1155 ac
1193 1091 1439 1158 semina
1465 1090 1770 1180 frumenti
1803 1102 1915 1157 aut
1941 1091 2169 1159 bordei
2197 1091 2412 1157 fovent
2445 1114 2572 1157 nu-

534 1190 672 1267 bes.
708 1216 846 1280 quae
877 1209 1184 1270 creaturas
1206 1209 1373 1266 sunt.
1403 1196 1624 1263 Pluvia
1643 1219 1900 1284 quoque
1920 1207 1988 1262 et
2007 1199 2102 1262 sol
2133 1194 2449 1262 vivificant
2468 1219 2568 1272 ea,

536 1319 687 1366 cum
733 1299 1057 1387 jubentur.
1114 1303 1676 1382 Quemadmodum
1714 1315 1927 1368 autem
1976 1321 2043 1367 se
2078 1301 2274 1368 habet
2313 1303 2529 1368 lumen
2551 1351 2571 1377 ,

537 1404 710 1491 quod
742 1429 858 1494 per
876 1406 1223 1474 fenestram
1246 1408 1639 1498 ingreditur,
1675 1430 1748 1473 ac
1771 1408 1907 1482 sol.
1931 1408 2041 1495 qui
2064 1429 2183 1497 per
2218 1406 2573 1473 universam

535 1517 773 1575 terram
795 1511 1004 1580 radios
1034 1535 1181 1579 suos
1202 1513 1524 1581 extendit:
1559 1515 1648 1581 sic
1678 1525 1863 1580 erant
1882 1513 2215 1603 Prophetae
2239 1511 2570 1579 luminaria

537 1616 873 1702 peculiaris
907 1620 1134 1708 domus
1172 1619 1393 1692 Israel.
1431 1621 1719 1711 Apostoli
1750 1643 1899 1687 vero
1933 1632 2117 1686 erant
2156 1620 2350 1692 soles,
2388 1615 2577 1683 emit-

538 1729 747 1786 tentes
775 1724 984 1787 radios
1007 1725 1073 1788 in
1104 1723 1462 1789 universam
1493 1726 1715 1789 mnndi
1739 1736 2003 1808 partem.

626 1823 677 1885 V
684 1823 731 1886 1.
783 1823 896 1890 Est
927 1822 1119 1908 igitur
1154 1835 1320 1887 terra
1341 1872 1360 1899 ,
1397 1825 1459 1887 in
1491 1847 1615 1910 qua
1646 1823 2078 1910 quadrupedia
2110 1819 2399 1886 habitant
2425 1844 2445 1884 τ
2479 1836 2580 1887 est

540 1947 795 2015 quoque
821 1935 989 1992 terra
1018 1925 1085 1990 in
1109 1929 1279 2000 aere,
1312 1926 1377 1991 in
1407 1946 1532 2013 qua
1555 1926 1887 1992 ambulant
1915 1947 1988 1990 ac
2004 1924 2225 1990 vivunt
2253 1924 2567 1990 volucres.

542 2031 702 2111 Quae
734 2029 784 2116 si
825 2029 1019 2096 velint
1044 2030 1393 2099 consistere
1421 2053 1614 2119 super
1633 2044 1868 2097 terram
1898 2040 1964 2095 et
1987 2029 2395 2097 deambulare
2416 2077 2435 2104 ,
2471 2029 2581 2095 ha-

537 2133 693 2206 bent
710 2119 867 2198 ⁴vena
877 2145 1072 2210 tores,
1096 2134 1204 2224 qui
1229 2157 1336 2202 eas
1360 2134 1653 2224 capiant:
1680 2146 1776 2201 est
1798 2156 2053 2224 quoque
2082 2146 2249 2204 terra
2272 2134 2574 2224 piscium,

534 2258 696 2326 aqua
727 2237 970 2307 scilicet
1000 2240 1213 2308 maris.
1242 2239 1329 2308 At
1360 2264 1564 2309 unum
1587 2241 1885 2331 quodque
1910 2289 1929 2317 ,
1970 2241 2035 2306 in
2060 2263 2186 2328 quo
2218 2242 2363 2306 loco
2387 2238 2580 2305 suerit

539 2354 796 2418 natum.
838 2344 969 2412 sive
1001 2348 1065 2414 in
1103 2359 1272 2417 terra
1301 2347 1432 2415 sive
1461 2346 1528 2413 in
1556 2352 1739 2423 seire,
1775 2346 1904 2414 illic
1936 2346 2146 2435 degit,
2186 2344 2469 2412 nutritur
2503 2366 2579 2410 ac

448 2494 453 2497 ,
541 2449 828 2536 quiescit.
858 2451 966 2531 Sic
990 2477 1244 2545 quoque
1261 2467 1430 2524 terra
1449 2468 1547 2522 est
1561 2455 1764 2545 patria
1787 2454 2057 2530 Satanae,
2084 2452 2148 2519 in
2171 2475 2296 2541 qua
2310 2454 2573 2542 degunt,

542 2566 609 2635 et
632 2556 877 2624 circum
900 2561 1253 2637 ambulant,
1280 2562 1446 2627 acin
1476 2583 1603 2646 qua
1621 2560 2029 2646 requiescunt
2047 2568 2391 2645 potestates
2410 2568 2579 2621 tene-

542 2659 803 2727 brarum
840 2674 912 2745 et
944 2666 1201 2751 spiritus
1238 2663 1553 2749 nequitia.
1594 2662 1706 2727 Est
1742 2683 1997 2748 quoqne
2028 2673 2197 2725 terra
2225 2661 2437 2727 lucida
2466 2660 2581 2726 Di-

543 2761 853 2835 vinitatis.
890 2764 956 2828 in
979 2787 1100 2851 qua
1132 2762 1712 2833 circumambulant
1743 2782 1819 2829 ac
1847 2762 2257 2847 requiescunt
2281 2776 2484 2829 castra
2514 2776 2584 2831 et

545 2866 711 2935 acies
734 2865 1123 2958 Angelorum
1143 2878 1210 2933 et
1237 2877 1605 2932 sanctorum
1626 2862 2003 2954 spirituum.
2032 2862 2243 2950 Atque
2264 2888 2387 2931 nec
2409 2879 2579 2933 terra

545 2974 880 3041 tenebrosa
917 2972 1119 3041 oculis
1162 2972 1354 3060 hujus
1395 2970 1680 3060 corporis
1720 2969 2004 3060 conspici
2049 2983 2160 3038 aut
2197 2971 2582 3039 contrectari

542 3090 752 3165 potest
778 3104 796 3152 ς
824 3100 942 3143 nec
975 3089 1143 3144 terra
1174 3077 1528 3146 Divinitatis
1556 3077 1769 3147 lucida
1799 3089 2237 3144 contrectatur
2265 3088 2376 3144 ant
2400 3076 2582 3143 vide-

539 3194 645 3248 tur
683 3183 883 3247 oculis
916 3183 1205 3249 carneis:
1241 3182 1671 3274 spiritualibus
1702 3205 1853 3249 vero
1883 3195 2094 3272 patet,
2121 3184 2311 3249 oculo
2341 3202 2574 3271 nempe

541 3287 790 3364 cordis,
835 3300 973 3355 tum
1002 3311 1143 3377 quae
1174 3300 1273 3355 est
1299 3288 1554 3354 Satanae
1581 3309 1658 3353 ac
1699 3289 2110 3362 tenebrarum
2132 3339 2149 3365 ‚
2199 3301 2340 3357 tum
2379 3288 2572 3355 etiam

542 3415 682 3479 quae
715 3406 810 3467 est
839 3395 1049 3461 lucida
1072 3416 1144 3460 ac
1173 3393 1407 3462 divina.
1913 3470 1918 3475 ‚
2178 3434 2183 3441 -

628 3496 766 3565 Vn.
823 3499 1194 3585 Verum,'ut
1222 3497 1524 3587 profanus
1553 3521 1761 3567 sermo
1791 3499 2109 3590 perhibet.
2144 3512 2293 3566 sunt
2319 3498 2580 3584 quidam

538 3603 1029 3691 montes—ignei,
1054 3603 1213 3692 quia·
1232 3603 1361 3673 mic
1396 3603 1555 3692 ignis
1587 3617 1946 3693 permanet,
1978 3615 2252 3689 suntque
2280 3600 2408 3667 illic
2440 3602 2582 3669 ani-

542 3707 975 3787 maliasinnilia
1010 3709 1255 3775 ovibus.
1289 3708 1607 3777 Caeterum
1629 3721 1988 3781 venatores,
2022 3706 2102 3770 ad
2131 3726 2205 3770 ea
2244 3704 2573 3795 capienda,

542 3813 898 3899 conficiunt
932 3814 1167 3896 ferreas
1212 3826 1418 3892 rotas,
1467 3827 1534 3882 et
1578 3812 1897 3903 projectos
1939 3810 2164 3876 hamos
2200 3808 2466 3877 mittunt
2510 3811 2575 3877 in

535 3918 775 4015 iguem,
790 3920 1314 4010 ,quandoquidem
1328 3919 1439 3989 illa
1453 3917 1744 3986 animalia
1768 3916 1979 4006 iguem
1994 3914 2239 4006 habent
2247 3916 2393 3984 loco
2417 3910 2569 3988 cibi.

537 4024 799 4115 requiei,
831 4025 1238 4102 inerementi,
1268 4025 1432 4119 vita,
1464 4021 1753 4109 omnium
1786 4020 2060 4114 denique
2086 4020 2232 4096 loco
2263 4020 2425 4113 ignis
2451 4019 2573 4094 iuis
