2982 4885
881 550 960 592 ua
1007 547 1366 592 unauna
1411 545 1662 599 nemu.
1842 619 1849 629 ι
2163 533 2292 621 417

249 679 315 729 et
342 685 561 729 rerum
582 664 773 727 modo
813 663 1258 750 apparentium
1290 674 1591 751 expectat
1613 684 1722 726 am
1761 662 1879 725 ali«
1906 688 1922 725 ι
1955 687 2019 729 zr
2041 663 2100 726 εἰ
2126 688 2166 730 n
2195 682 2330 733 ma·

165 780 168 781 ’
229 771 512 839 ‚tionem
568 769 740 848 Quid
789 791 942 855 crgo
969 768 999 831 Ρ
1057 790 1215 832 num
1268 767 1567 856 opinione
1614 766 1731 831 tibi
1784 769 1929 832 data
1979 768 2253 859 eligendi
2275 821 2298 846 .

259 885 471 939 utrum
503 875 720 938 malles
749 894 828 936 ex
859 872 990 937 istis
1021 872 1271 937 duobus
1320 870 1530 960 regnis
1550 919 1569 945 ‚
1609 883 1990 959 praeoptares
2020 873 2143 940 hoc
2177 888 2305 941 ter-

261 999 483 1041 renum
519 976 582 1041 in
615 976 839 1040 mundi
875 974 1003 1040 fine
1035 976 1389 1041 desiturum
1419 1000 1438 1050 3
1476 974 1827 1062 praeserens
1854 976 1917 1039 id
1948 975 2036 1043 illi
2069 979 2310 1046 coelesti

260 1082 446 1147 alteri
472 1131 489 1156 ,
527 1103 681 1146 vero
702 1129 722 1156 ,
756 1079 957 1145 solido
991 1093 1057 1144 et
1087 1079 1485 1168 permanenti
1526 1076 1772 1166 regno?
1802 1078 1985 1144 Haud
2016 1080 2313 1168 equidem

262 1185 639 1251 crediderim
660 1232 679 1260 ,
714 1185 765 1249 si
790 1184 1012 1271 utique
1034 1185 1274 1272 sapias,
1310 1194 1590 1268 et‘aequo
1624 1193 1926 1270 rectoque
1954 1182 2196 1271 judicio
2228 1190 2309 1253 de

262 1306 329 1355 re
360 1302 469 1356 tua
501 1303 671 1357 tanta
694 1300 950 1355 statuas·
1000 1316 1026 1348 ι
1050 1287 1224 1368 Quid
1252 1288 1450 1362 enim,
1479 1286 1567 1351 ait
1600 1285 1871 1363 Veritas,
1902 1292 2159 1376 prodest
2190 1294 2312 1359 ho-

263 1397 460 1462 »mini
481 1445 500 1470 ‚
533 1395 584 1460 si
607 1394 920 1459 muudum
945 1394 1310 1458 universum
1342 1395 1660 1466 lucretur,
1690 1392 1913 1456 animae
1939 1406 2149 1461 autem
2183 1421 2312 1467 suae

180 1478 190 1483 -
265 1529 289 1560 ι
308 1501 759 1566 detrimentum
788 1498 1066 1586 patiatur
1085 1497 1104 1531 ¹
1138 1497 1211 1560 p„
1239 1497 1360 1561 Pro
1393 1518 1515 1582 qua
1544 1494 1703 1559 nihil
1734 1508 1847 1583 par
1864 1494 1927 1559 in
1953 1515 2311 1569 commuta-

264 1606 502 1668 tionem
555 1601 691 1666 dari
736 1623 918 1689 posse
957 1600 1334 1674 didicimus,
1380 1599 1929 1688 quandoquidem
1978 1615 2041 1667 et
2067 1610 2321 1676 mundo

263 1710 402 1796 ipso
441 1719 573 1772 toto
598 1754 617 1782 ,
664 1718 729 1770 et
770 1705 1221 1793 qualicumque
1260 1707 1588 1770 mundano
1625 1727 1873 1793 regno,
1920 1709 2047 1773 sola
2096 1733 2212 1799 per
2251 1739 2319 1782 se

201 1864 210 1873 ,
267 1814 465 1900 ipsam
523 1811 730 1875 anima
768 1810 1105 1898 pretiosior
1141 1812 1345 1875 multo
1377 1821 1512 1884 est;
1560 1811 1802 1875 nedum
1848 1823 1919 1877 ut
1964 1820 2317 1905 comparari

263 1939 412 1982 cum
444 1915 518 1980 iis
549 1914 746 2002 possit
767 1916 1075 1978 coelorum
1107 1935 1394 2001 reguum.
1434 1914 1592 1979 lude
1620 1925 1842 1979 autem
1874 1918 2316 2004 pretiosiorem

263 2021 514 2086 cunctis
553 2020 826 2085 dicimus
856 2019 1169 2093 animam,
1211 2022 1382 2105 quod
1419 2020 1621 2083 solam
1667 2018 2029 2086 illaminter
2075 2047 2295 2094 omnes

265 2125 593 2190 inferiores
620 2135 939 2188 creaturas
963 2123 1218 2209 dignam
1238 2123 1409 2188 Deus
1441 2121 1772 2208 judicavit,
1807 2124 1916 2189 cui
1945 2150 2131 2194 suum
2164 2155 2281 2219 pro
2342 2132 2345 2133 ⁷

271 2231 420 2318 priae
474 2241 716 2292 naturae
761 2223 1067 2312 Spiritum
1111 2227 1335 2290 intime
1380 2226 1633 2289 unitum
1673 2228 1927 2311 penitus
1968 2230 2213 2298 inderet
2248 2250 2316 2301 et

273 2330 817 2401 communicarem
854 2329 1027 2411 quod
1059 2348 1184 2389 non
1216 2329 1400 2401 coeln,
1440 2350 1569 2390 non
1604 2328 1745 2401 soli,
1780 2351 1907 2392 non
1943 2333 2147 2419 astris,
2185 2361 2312 2403 non

274 2437 466 2510 mari,
523 2458 648 2498 nou
695 2445 878 2497 terrae
925 2429 1284 2505 concessit3
1327 2453 1457 2494 non
1513 2431 1613 2495 alii
1659 2430 1931 2519 denique
1974 2434 2314 2509 visibilium

275 2555 580 2608 creaturae
608 2537 1159 2625 udsspraeterquam
1186 2535 1296 2598 uui
1329 2534 1614 2609 homini;
1640 2557 1831 2621 quem
1857 2539 1992 2604 vice
2023 2545 2314 2614 omnium

278 2673 310 2713 a
346 2671 411 2712 sc
445 2633 848 2710 conditorum
883 2641 948 2704 iu
978 2651 1223 2727 partem
1256 2640 1434 2726 quasi
1462 2642 1790 2729 propriam
1825 2642 1941 2709 sibi
1972 2672 2038 2724 se
2060 2653 2308 2739 posuit,

279 2752 525 2837 sibique
556 2747 901 2835 applicuit,
938 2767 1014 2809 eo
1043 2756 1401 2810 contentus.
1435 2744 1501 2810 Si
1529 2768 1681 2835 ergo
1714 2746 1850 2814 haec
1881 2773 2022 2837 quae
2054 2758 2313 2828 maximi

282 2855 441 2919 fiunt
473 2855 533 2918 in
571 2854 836 2926 mundo,
872 2849 1124 2928 divitiae,
1160 2850 1330 2926 dico,
1370 2852 1631 2940 amplae,
1665 2863 1731 2916 ct
1761 2865 1942 2921 terrae
1973 2860 2171 2929 totius
2199 2863 2314 2940 im-

275 2962 525 3051 perium
556 2959 618 3025 in
652 2957 1015 3023 monarchae
1054 2957 1241 3022 unius
1274 2959 1462 3045 pleno
1497 2953 1768 3024 arbitrio‘
1792 2963 2066 3060 positum
2105 2969 2311 3040 haud-

278 3086 592 3154 quaquam
618 3112 635 3138 ,
672 3082 845 3128 recte
873 3062 1232 3149 judicantes
1258 3112 1276 3137 ‚
1326 3085 1473 3128 cum
1506 3075 1742 3130 aeterno
1773 3065 2319 3146 commutaremus

279 3196 471 3260 reguo
500 3196 518 3246 ς
544 3189 692 3258 quo
709 3168 1024 3236 dementia
1048 3170 1469 3257 plurimorum
1500 3184 1618 3247 est,
1645 3196 1805 3260 quos
1835 3179 2120 3264 quotidie
2143 3183 2311 3250 vide-

269 3303 416 3343 mus
440 3277 666 3343 vilibus
698 3277 854 3342 illud
874 3287 938 3341 et
970 3275 1339 3359 mediocris»,
1362 3277 1555 3341 etiam
1578 3279 1820 3365 vulgari
1854 3281 2307 3366 aestimatione,

276 3384 459 3473 pretu
485 3384 673 3449 rebus
705 3381 1127 3468 posthabere,
1163 3394 1338 3466 puta,
1374 3381 1704 3468 cupiditati
1737 3382 2039 3470 cuipiam,
2073 3389 2313 3480 exiguoe

277 3491 482 3565 laudi,
538 3491 718 3554 lucro
752 3506 884 3549 non
919 3504 1199 3569 magno,
1242 3493 1306 3546 et
1346 3484 1713 3552 similibus?
1747 3486 2094 3558 Enimvero
2139 3501 2321 3615 quod

275 3593 416 3679 quis
447 3594 511 3658 in
542 3592 667 3656 hoc
698 3588 941 3653 mundo
978 3584 1216 3671 diligit,
1261 3584 1494 3669 cuique
1535 3588 1866 3674 defigitur,
1908 3593 1974 3659 id
2006 3597 2306 3698 omnino,

279 3708 589 3783 quantum
637 3693 701 3755 in
741 3691 885 3778 ipso
927 3701 1053 3764 est,
1107 3710 1256 3752 cum
1300 3691 1609 3755 coelorum
1663 3711 1857 3781 reguo
1911 3713 2307 3788 commutat3

279 3799 434 3887 quin
457 3845 475 3874 ‚
515 3798 690 3883 quod
724 3798 909 3884 longe
945 3806 1012 3860 et
1041 3794 1369 3884 capitalius
1393 3843 1414 3871 ‚
1450 3808 1517 3862 et
1553 3796 1619 3862 id
1659 3797 1866 3868 Deum
1905 3826 2090 3874 mum
2128 3809 2301 3883 facit,

276 3903 462 3971 Sicut
494 3900 728 3968 alicubi
768 3901 1074 3992 scriptum
1117 3912 1255 3968 est:
1308 3926 1334 3963 ι
1375 3899 1430 3968 Α
1474 3925 1605 3991 quo
1643 3903 1784 3992 quis
1821 3907 2023 3979 victus
2068 3929 2195 4001 est,
2248 3919 2311 3988 ei

344 4058 363 4086 ⁸
393 4041 577 4096 Betth-
602 4057 704 4099 xvi,
729 4041 809 4092 26.

241 4111 244 4118 i
498 4144 719 4195 nvm.
890 4186 896 4192 .
2007 4151 2087 4227 27
