2982 4885
740 566 819 608 on
866 558 1214 607 ruma-ru
1265 562 1347 607 rr
1397 561 1831 610 niscnnnonz.
2182 541 2310 624 343

271 677 617 750 interdum‘
637 680 1111 770 perniciemque
1164 679 1277 744 toti
1329 678 1517 744 insert
1560 678 1867 767 corpori3
1922 680 2107 747 simili
2156 694 2310 772 puta

268 788 463 853 modo
505 786 867 852 affectiones
909 809 1164 874 qnoque
1205 784 1429 851 animae
1452 835 1468 861 ‚
1505 797 1853 872 utcumque
1891 789 2089 853 multa
2126 788 2315 855 suerit

271 892 549 958 adhibita
598 916 790 969 cura,
827 893 996 957 intus
1029 904 1238 957 tamen
1284 890 1493 956 adhuc
1536 892 1687 955 tabo
1728 913 1844 955 sno
1891 913 2311 981 corrumpun-

267 1009 410 1073 tur,
455 1000 711 1063 tandem
750 1009 962 1063 tamen
1006 997 1368 1062 assiduitate
1401 995 1893 1085 diligentissimae
1925 996 2305 1074 curationis,

266 1124 378 1191 per
413 1103 643 1168 Christi
685 1102 981 1191 gratiam,
1016 1103 1295 1191 perfecte
1318 1115 1659 1167 sanantur.
1706 1102 1817 1165 Est
1849 1101 2017 1166 enim
2059 1105 2309 1168 occulta

266 1210 554 1295 quaedam
589 1208 743 1284 saex,
776 1220 841 1275 et
875 1209 1281 1274 tenebrarum
1316 1207 1679 1273 redundans
1709 1205 1935 1271 oss'usio
1963 1230 2040 1272 ex
2072 1205 2307 1274 affccti-

260 1313 405 1388 hus,
433 1338 573 1401 qua:
605 1314 667 1379 in
701 1337 921 1402 puram
957 1338 989 1378 a
1016 1314 1327 1403 principio
1358 1313 1636 1378 hominis
1662 1324 1951 1376 naturam
1983 1312 2210 1376 Adami
2234 1335 2302 1377 se

259 1419 758 1506 transgressione
809 1419 1150 1483 insinuavit
1195 1420 1257 1482 in
1298 1418 1808 1491 humanitatem3
1843 1417 1979 1482 haec
2030 1417 2256 1504 polluit
2281 1465 2300 1489 ,

260 1521 399 1588 hoec
432 1521 823 1586 contaminat
856 1534 986 1585 tam
1023 1511 1254 1610 corpus
1287 1522 1581 1587 videlicet
1612 1544 1803 1610 quam
1839 1521 2132 1585 animam.
2174 1517 2304 1586 Ve-

260 1650 403 1693 rum
450 1641 523 1691 ut
567 1626 806 1690 serrum
847 1629 999 1692 dum
1047 1626 1315 1715 ignitum
1358 1628 1813 1702 contunditur,
1867 1635 2296 1713 expurgatum

258 1743 457 1820 utque
492 1754 716 1798 aurum
748 1732 885 1796 aeris
919 1745 1028 1797 aut
1058 1732 1205 1798 ferri
1238 1734 1541 1798 mixtione
1576 1733 1906 1807 infectum,
1940 1731 2067 1820 igni
2098 1753 2301 1795 secer-

259 1838 479 1913 nitur;
523 1837 657 1926 pari
699 1838 940 1903 ratione
980 1837 1186 1904 anima
1231 1861 1344 1925 per
1390 1838 1830 1904 immaculatas
1864 1838 2299 1927 perpessiones

256 1940 631 2016 Salvatoris,
681 1954 900 2007 sancto
952 1943 1189 2031 spiritu
1232 1942 1463 2031 ignita,
1514 1956 1578 2007 et
1623 1966 1959 2032 percussa,
2005 1943 2083 2007 ab
2121 1940 2294 2005 omni

224 2072 447 2138 0pravo
481 2049 711 2115 ass'cctu
741 2062 806 2115 et
837 2060 1100 2139 peccato
1136 2063 1541 2138 expurgatur.

342 2154 424 2220 X.
484 2155 565 2219 Ut
595 2157 883 2240 quaedam
909 2154 1230 2241 lampades
1256 2178 1384 2218 uno
1413 2157 1630 2241 plnres
1660 2157 1832 2230 oleo,
1854 2178 1986 2220 uno
2017 2177 2298 2220 accensae

258 2260 419 2347 igni,
458 2258 633 2322 haud
664 2280 884 2344 parem
927 2272 1140 2320 tamen
1188 2277 1350 2344 saepe
1387 2259 1691 2322 emittunt
1722 2259 2032 2345 fulgorem
2060 2282 2079 2330 ς
2116 2257 2204 2320 sic
2236 2268 2301 2321 et

257 2361 635 2426 charismata
668 2351 735 2424 in
768 2360 1026 2423 diversis
1061 2361 1141 2423 nd
1182 2382 1320 2446 quae
1357 2359 1696 2423 habilitant
1737 2360 1921 2423 honis
1955 2358 2293 2446 operibus,

259 2466 657 2533 differentem
702 2465 991 2530 evibrant
1029 2464 1315 2551 ejusdem
1354 2458 1520 2529 boni'
1549 2463 1821 2553 Spiritus
1867 2466 2286 2553 splendorem.

257 2575 385 2641 Aut
427 2586 499 2638 ut
536 2573 595 2637 in
633 2572 887 2638 civitate
922 2573 1156 2651 multos
1193 2572 1618 2658 amplectente
1650 2571 1817 2635 cives
1840 2619 1855 2648 ,
1892 2571 2043 2637 licet
2080 2571 2297 2636 cuncti

261 2701 386 2742 uno
442 2698 602 2765 pane
636 2726 653 2751 ,
726 2698 981 2763 unoque
1036 2688 1223 2765 potus
1284 2699 1515 2765 genere
1568 2687 1829 2741 utantur
1846 2701 1865 2751 ς
1919 2689 2127 2742 tamen
2173 2675 2296 2742 ho-

257 2806 399 2847 rum
436 2782 537 2847 alii
573 2781 829 2869 quidem
862 2781 998 2861 viri,
1035 2781 1135 2845 alii
1169 2780 1435 2869 parvuli,
1472 2782 1656 2845 multi
1696 2781 1899 2869 pueri,
1935 2780 2034 2845 alii
2067 2804 2291 2856 senes;

230 2876 655 2974 -miiltumqne
683 2885 1061 2952 discriminis
1078 2897 1141 2949 et
1166 2885 1535 2951 differentiae
1553 2886 1613 2950 in
1643 2886 1789 2975 ipsis
1807 2897 1902 2949 est
1925 2910 1940 2950 τ
1964 2888 2062 2950 vel
2081 2909 2298 2973 quem-

253 2993 599 3059 admodum
639 2991 1028 3055 srumentum
1061 2991 1123 3056 in
1157 3014 1285 3056 uno
1319 3007 1384 3057 et
1422 2980 1650 3058 eodem
1692 2991 2069 3056 seminatum
2105 3014 2292 3081 agro,

255 3097 526 3163 diversas
550 3098 754 3186 spicas
785 3097 1025 3186 profert
1055 3119 1071 3160 :
1116 3110 1327 3162 tamen
1359 3099 1726 3164 universum
1753 3098 1815 3162 in
1850 3101 2140 3163 camdem
2172 3122 2296 3164 una

254 3205 576 3271 confertur
613 3221 864 3279 aream,
906 3206 969 3269 in
1010 3226 1211 3268 unum
1255 3204 1493 3292 pariter
1533 3204 1901 3273 reconditur
1940 3200 2242 3270 horreum
2278 3229 2297 3276 ς

256 3309 343 3375 sic
375 3322 438 3373 et
474 3321 544 3374 tu
580 3309 891 3383 existima,
927 3332 1029 3373 mc
1058 3321 1319 3374 auctore
1340 3358 1357 3383 ,
1394 3309 1458 3372 in
1485 3322 1887 3373 mortuorum
1924 3326 2174 3391 quoque
2200 3328 2302 3368 re-

256 3417 643 3479 surrectione
690 3414 1112 3479 differentiam
1160 3413 1373 3497 glorioe
1407 3413 1542 3476 fore
1579 3414 1712 3486 ·iis,
1755 3411 1860 3497 qui
1914 3419 2295 3495 resurgunt,

254 3517 616 3606 glorificatis
655 3529 720 3599 et
751 3513 1100 3580 illustribus
1141 3533 1257 3598 pro
1299 3512 1601 3595 dignitate
1635 3522 1902 3602 operum
1942 3512 2296 3587 bonorum,

256 3632 319 3684 et
356 3644 474 3708 pro
515 3618 963 3684 communione
1012 3612 1422 3679 inhabitantis
1464 3612 1594 3699 jam
1632 3616 1869 3680 ibidem
1910 3618 2075 3705 ipsos
2105 3615 2300 3681 divini

255 3726 564 3817 Spiritus3
613 3735 676 3786 et
712 3721 884 3786 hanc
926 3742 1061 3784 esse
1100 3718 1477 3784 sententiam
1519 3718 1683 3783 illius
1717 3719 1870 3784 dicti
1917 3716 2294 3807 apostolici:

269 3856 296 3894 ι
326 3832 520 3896 Stella
545 3827 757 3894 differt
787 3850 820 3891 a
852 3827 1029 3891 stella
1063 3826 1127 3891 in
1162 3824 1448 3890 claritate
1471 3823 1518 3890 ¹.
1560 3853 1586 3886 ι

312 3935 455 4006 ’ΧΙ.
509 3934 731 4003 Solum
778 3931 1081 4026 peculiari
1115 3930 1383 4022 quisque
1424 3931 1636 4000 studio
1676 3944 1893 4010 curet,
1928 3944 2001 4000 ut
2031 3950 2296 4022 regene-

322 4086 337 4115 ¹
370 4093 387 4127 ι
413 4076 537 4128 Cor.
562 4091 642 4134 xv,
664 4073 745 4134 41.
