2982 4885
1032 481 1287 529 nomm
1335 483 1494 529 xavr.
2154 465 2280 531 285
2349 491 2354 494 ·

221 596 361 671 illi,
395 621 584 686 quam
609 600 670 663 in
697 587 1004 687 &avitate
1027 601 1327 673 traduxit,
1360 601 1505 665 vita.
1542 596 2096 678 Quemadmodum
2131 625 2282 692 ergo

248 703 295 766 si
329 705 470 790 quis
503 705 725 769 morbo
766 718 872 770 aut
908 704 1066 769 febri
1101 707 1494 778 detineatur,
1530 704 1680 767 licet
1712 705 1772 768 in
1806 707 2014 771 cubile
2052 731 2283 795 corpus
2363 713 2370 716 “

246 809 609 895 projectum
636 810 735 885 sit,
768 834 893 874 uon
921 813 1129 876 valens
1154 809 1461 899 perficere
1488 833 1646 897 opus
1665 809 1915 895 aliquod
1937 825 2249 876 terrenum
2260 839 2279 889 ;

247 932 377 977 non
410 927 618 980 tamen
653 915 921 1003 quiescit
954 915 1235 990 animus3
1266 916 1378 979 sed
1408 915 1777 987 distractus,
1807 925 1871 977 et
1900 937 2125 980 curans
2149 940 2286 1004 quae
2383 997 2396 1006 ,

249 1031 396 1082 sunt
440 1022 822 1107 peragenda,
860 1018 1182 1084 medicum
1220 1018 1508 1105 requirit,
1542 1015 1748 1081 missis
1781 1020 1860 1081 ad
1888 1040 2036 1081 eum
2073 1022 2286 1085 amicis

250 1121 376 1187 suis
413 1148 427 1186 ε
464 1123 690 1189 eodem
734 1145 988 1211 quoque
1041 1125 1233 1188 modo
1278 1122 1485 1188 anima
1536 1135 1679 1210 post
1726 1122 2287 1211 transgressionem

250 1227 555 1305 mandati,
577 1227 640 1292 in
659 1227 1089 1292 infirmitatem
1112 1227 1521 1292 affectionum
1549 1228 1827 1302 redacta,
1848 1240 1911 1292 et
1936 1227 2291 1317 languidior

250 1334 516 1412 reddita,
543 1333 655 1397 ubi
689 1333 1020 1399 accesserit
1044 1335 1122 1397 ad
1144 1333 1491 1397 Dominum
1515 1344 1579 1396 et
1597 1331 1959 1407 crediderit,
1988 1329 2287 1397 auxilium

253 1438 332 1500 ab
359 1462 432 1502 eo
467 1441 878 1525 consequitur
907 1463 922 1502 ε
960 1450 1023 1503 et
1060 1440 1376 1526 abnegans
1400 1439 1680 1526 priorem
1711 1437 2045 1523 pessimam
2068 1439 2283 1514 vitam,

249 1538 399 1603 licet
430 1540 684 1626 antiqua
717 1541 1088 1628 aegritudine
1122 1542 1489 1610 decumbat.
1525 1552 1592 1605 et
1613 1552 1888 1627 nequeat
1918 1562 2109 1627 opera
2143 1540 2288 1604 vitae

255 1664 403 1706 vere
445 1664 783 1731 peragere,
831 1644 1242 1708 nihilominus
1287 1667 1536 1718 curare,
1573 1667 1712 1730 quae
1752 1645 1832 1708 ad
1861 1644 2055 1708 vitam
2097 1641 2298 1730 perti·

253 1761 433 1823 nent,
468 1750 688 1813 sedulo
729 1749 1059 1836 deprecari
1101 1749 1471 1825 Dominum,
1498 1762 1563 1813 et
1585 1747 1906 1836 inquirere
1927 1769 2149 1813 verum
2172 1768 2299 1810 me·

255 1852 493 1933 dicum,
525 1864 590 1917 et
627 1853 905 1917 habetet
933 1864 1158 1941 potest.

344 1958 448 2021 111.
504 1957 584 2021 Et
616 1980 768 2033 non,
798 1969 869 2021 ut
896 1957 1070 2022 aiunt
1099 1958 1360 2048 quidam
1385 1981 1674 2045 perversa
1706 1957 1996 2023 doctrina
2018 1954 2292 2031 seducti,

254 2082 511 2148 prorsus
550 2075 841 2127 mortuus
873 2074 968 2126 est
1011 2063 1241 2139 homo,
1281 2076 1352 2128 ut
1380 2064 1640 2128 omnino
1680 2085 1809 2130 non
1854 2061 2055 2151 possit
2106 2060 2298 2150 quid-

257 2189 445 2253 quam
485 2169 636 2234 boni
667 2192 991 2258 peragere.
1030 2170 1283 2235 Etenim
1313 2169 1539 2244 infans,
1570 2170 1720 2235 licet
1753 2168 1913 2234 nihil
1942 2168 2138 2256 possit
2162 2190 2304 2256 per-

266 2269 484 2343 ficere,
521 2286 630 2335 aut
652 2273 925 2358 propriis
958 2273 1226 2359 pedibus
1258 2275 1566 2337 accedere
1595 2273 1675 2336 ad
1703 2283 1974 2336 matrem
2007 2277 2302 2356 nequeat,

271 2373 686 2439 nihilominus
716 2374 1014 2449 volvitur,
1045 2376 1278 2438 clamat
1305 2386 1370 2438 et
1395 2376 1625 2462 plorat,
1649 2375 1974 2462 inquirens
1997 2383 2306 2438 matremx

271 2503 416 2568 erga
457 2502 604 2543 oum
637 2499 884 2544 summa
927 2477 1195 2542 afficitur
1234 2478 1665 2543 misericordia
1697 2490 1941 2552 mater,
1980 2490 2045 2541 et
2079 2480 2312 2565 gaudet

275 2587 351 2648 de
401 2584 671 2658 infante,
708 2594 1029 2670 quaerente
1062 2606 1128 2647 se
1163 2606 1310 2647 cum
1343 2583 1561 2648 labore
1604 2596 1668 2648 et
1707 2586 1985 2648 clamore
2005 2607 2025 2657 ς
2059 2594 2124 2646 et
2162 2603 2310 2646 cum

276 2714 400 2753 non
436 2689 630 2777 possit
658 2689 859 2753 infans
905 2691 981 2754 ad
1014 2711 1155 2754 eam
1186 2688 1517 2778 pervenire
1531 2713 1549 2764 3
1585 2686 1995 2753 nihilominus
2026 2686 2108 2751 ob
2144 2688 2315 2751 mul-

277 2808 401 2858 tam
437 2794 617 2882 pueri
648 2793 1114 2881 inquisitionem
1136 2845 1151 2867 ,
1187 2794 1318 2881 ipsa
1343 2804 1546 2858 mater
1576 2794 1707 2860 abit
1738 2797 1819 2857 ad
1852 2793 2055 2867 illum,
2095 2813 2310 2855 amore

274 2901 455 2988 pueri
482 2910 686 2987 capta,
714 2909 779 2963 et
806 2898 1231 2987 amplectitur,
1260 2898 1699 2973 circumfovet,
1726 2910 1915 2986 atque
1941 2896 2311 2961 alimentum

275 3006 514 3093 profert
537 3026 783 3068 summa
814 3025 961 3068 cum
995 3003 1332 3069 dilectione
1367 3027 1382 3068 :
1421 3003 1546 3068 hoc
1580 3004 1787 3092 ipsum
1818 3001 2132 3090 benignus
2161 3024 2317 3088 quo-

278 3133 400 3196 qne
445 3110 614 3173 Deus
646 3109 796 3174 facit
826 3109 889 3172 in
931 3107 1135 3174 anima
1172 3110 1250 3173 ad
1281 3131 1428 3174 eum
1462 3112 1833 3184 accedente,
1870 3120 1934 3173 et
1976 3107 2115 3196 ejus
2148 3107 2314 3173 desi-

281 3216 455 3280 derio
507 3217 756 3280 detenta
793 3236 808 3279 ε
844 3216 1029 3303 longe
1065 3238 1215 3280 vero
1272 3214 1500 3303 majori
1544 3214 1676 3303 ipse
1725 3212 1844 3279 sibi
1891 3204 2072 3277 insita
2120 3212 2318 3276 dilec-

282 3323 475 3395 tione,
510 3332 574 3385 et
604 3320 856 3408 propria
871 3319 1258 3409 benignitate
1283 3322 1534 3396 doctus,
1560 3318 1933 3384 adhaerescit
1964 3316 2313 3380 intellectui

282 3426 420 3509 rjus
442 3475 459 3499 ,
492 3437 558 3489 et
585 3426 793 3490 evadit
826 3447 972 3487 cum
996 3426 1101 3488 illa
1144 3451 1168 3481 κ
1188 3425 1256 3486 In
1284 3447 1481 3487 unum
1516 3420 1873 3510 spiritum¹,
1902 3448 1928 3481 ι
1973 3418 2149 3505 juxta
2180 3440 2314 3481 ser-

286 3554 543 3594 monem
579 3528 1014 3618 apostolicum.
1056 3524 1121 3587 Si
1149 3525 1321 3586 enim
1347 3525 1662 3589 adhaereat
1684 3526 1891 3589 anima
1923 3519 2221 3595 Domino,
2255 3532 2320 3585 et

290 3635 600 3699 Dominus
633 3630 1061 3697 misericordia
1091 3639 1155 3692 et
1187 3624 1495 3697 charitate
1517 3640 1725 3690 motus
1751 3627 2011 3691 accedat
2042 3626 2122 3689 ad
2150 3646 2316 3696 eam,

290 3753 351 3802 et
387 3737 685 3823 jungatur
713 3736 796 3807 ei,
832 3746 1017 3820 atque
1051 3730 1406 3796 intellectus
1438 3730 1694 3793 tandem
1736 3740 2103 3815 permaneat
2139 3724 2318 3790 inde-

293 3845 574 3908 sitienter
603 3840 664 3904 in
701 3836 897 3924 gratia
924 3835 1216 3911 Domini,
1252 3834 1313 3900 in
1347 3857 1547 3901 unum
1578 3832 1893 3923 spiritum,
1928 3845 1992 3898 et
2023 3832 2087 3898 in
2122 3851 2320 3897 unum

360 3994 385 4041 ‚·
421 3996 436 4027 ι
472 3978 588 4032 Cor,
614 3993 682 4032 vi.
715 3992 787 4041 ¹7·
