2982 4885
942 554 1123 599 unsa
1166 553 1250 597 nn
1295 548 1662 597 naenzsmus.
2193 531 2328 620 489

1038 748 1193 797 vm.
1229 745 1576 796 mmmm.

382 928 823 997 Nummorum
854 925 1106 991 haercsis
1138 938 1257 997 cst,
1292 948 1430 1011 quoe
1464 927 1669 1011 legem
1698 937 1762 988 et
1791 925 2135 1015 Prophetas
2165 928 2327 994 acci·

294 1034 420 1121 pit:
445 1032 782 1123 carnaliter
808 1044 1019 1096 tamen
1057 1032 1392 1095 vivendum
1421 1030 1715 1102 affirmat,
1745 1053 2128 1118 omnemque
2157 1032 2331 1119 justi·

294 1135 656 1201 ficationem
707 1136 766 1199 in
826 1134 1064 1200 carnali
1110 1134 1508 1199 observantia
1554 1134 1896 1207 consistere
1944 1137 2314 1225 suspicatur.

298 1240 516 1306 Crines
546 1240 735 1305 etiam
770 1238 1117 1303 nutrit-ntes
1150 1238 1397 1327 capitis.
1428 1262 1810 1328 omnemque
1837 1240 2128 1306 virtutem
2153 1241 2328 1327 justi-

296 1345 395 1409 tiae
425 1345 485 1410 in
511 1368 587 1409 eo
620 1355 913 1432 putantes
936 1343 1306 1417 consistere,
1337 1342 1515 1430 quasi
1548 1365 1578 1405 a
1600 1342 1904 1409 Samsono
1924 1344 2031 1408 illo
2056 1345 2173 1411 sihi
2201 1345 2325 1412 hoc

292 1460 748 1537 praesumentes
798 1447 1020 1533 judicii
1044 1497 1061 1520 ,
1112 1446 1257 1533 quia
1306 1447 1640 1512 Nazaraeus
1689 1448 2067 1521 vocabatur,
2116 1470 2150 1512 a
2198 1469 2327 1534 quo

294 1566 509 1645 postea
531 1553 756 1640 pagani
791 1552 984 1616 sortes
1011 1544 1187 1616 viro}
1207 1575 1284 1616 ex
1314 1551 1480 1616 illius
1511 1549 1712 1639 figura
1743 1563 2142 1639 usurpantes,
2177 1551 2331 1616 Hor-

266 1662 469 1726 ‹cules
501 1668 968 1744 nuncuparunt.

1120 1872 1216 1922 tx.
1256 1870 1517 1922 Essem.

344 2052 351 2055 “
383 2045 601 2110 Essem
646 2059 857 2111 autem
892 2058 1072 2118 sunt,
1107 2045 1214 2132 qni
1258 2046 1723 2110 monachorum
1761 2045 1954 2111 vitam
1993 2058 2324 2121 exercent,

295 2169 470 2214 escas
494 2149 821 2214 deliciosas
854 2173 978 2214 non
1016 2164 1333 2215 sumentes
1352 2200 1370 2227 ,
1398 2174 1519 2216 nec
1550 2152 1830 2215 studium
1865 2151 1926 2214 in
1946 2152 2331 2217 vestimentis

296 2266 607 2339 gerentes,
638 2276 754 2316 nec
786 2255 1178 2339 possidentes
1218 2255 1453 2340 aliquid
1481 2279 1499 2327 ς
1538 2254 1793 2318 lectioni
1827 2266 2035 2316 autem
2059 2266 2124 2317 et
2146 2255 2331 2319 bonis

297 2356 596 2444 operibus
637 2355 994 2419 insistentes
1017 2404 1033 2429 ,
1070 2356 1132 2418 in
1172 2357 1328 2420 locis
1361 2357 1556 2420 etiam
1596 2355 1896 2445 separatis
1928 2342 2285 2420 habitantes
2309 2404 2326 2430 ,

299 2460 621 2527 Christum
642 2473 850 2525 autem
865 2460 1236 2535 Dominum,
1254 2461 1365 2524 noi
1381 2461 1609 2526 Filium
1627 2482 1756 2522 non
1771 2470 2195 2544 expectantes,
2217 2483 2332 2526 nec

298 2565 363 2631 iu
385 2567 525 2653 lege
547 2577 736 2651 atquo
758 2564 1090 2652 Prophetis
1112 2586 1260 2628 eum
1285 2564 1630 2629 Dominum
1658 2574 2067 2651 agnoscentes
2093 2585 2334 2628 annun·

300 2670 522 2736 tiatmu
547 2718 564 2745 ,
616 2673 727 2736 scd
772 2682 843 2735 ut
889 2669 1268 2758 prophetam
1291 2717 1308 2743 ,
1348 2682 1458 2734 aut
1487 2669 1731 2755 justum
1772 2667 2097 2733 bominem
2134 2669 2339 2734 solum

298 2774 659 2849 credentes,
682 2786 1036 2862 expectant.

1017 2982 1086 3032 X.
1128 2981 1626 3034 uttmoonosrt.

284 3229 291 3236 ⁴
387 3159 836 3232 Πειιοοκοετι,
867 3156 1071 3246 quiet
1103 3156 1447 3222 Dcviactici
1484 3157 1808 3233 dicuntur,
1838 3159 2036 3221 solem
2070 3157 2338 3222 adoran-

302 3274 428 3337 tes,
469 3276 655 3351 atque
693 3262 973 3326 dicentes
1006 3264 1202 3327 solem
1235 3263 1401 3327 scit-e
1433 3262 1647 3328 omnia
1684 3285 1833 3355 qum·
1858 3260 1972 3323 Dei
2004 3271 2193 3322 sunte
2232 3258 2340 3322 ho-

302 3367 501 3431 mines
533 3368 722 3430 etiam
771 3388 896 3427 non
940 3367 1129 3428 alium
1182 3368 1299 3429 nisi
1331 3371 1528 3452 solen)
1576 3365 1976 3437 illuminare,
2013 3364 2339 3447 solemque

301 3471 391 3534 eis
422 3471 700 3558 praebero
734 3467 945 3532 omnia
987 3469 1366 3529 nutrimenta
1403 3491 1417 3530 :
1462 3491 1590 3531 non
1630 3478 2122 3555 cognoscentes,
2165 3466 2338 3551 quod

303 3575 365 3638 in
400 3576 698 3639 servitute
726 3572 964 3660 positus
989 3593 1242 3634 cursum
1267 3591 1449 3631 snum
1484 3584 1774 3655 peragrat
1801 3594 1834 3634 a
1866 3571 1998 3645 Deo
2016 3570 2199 3636 Patro
2230 3593 2341 3658 per

306 3677 626 3742 Christum
670 3676 1014 3740 Dominum
1059 3673 1120 3736 in
1163 3686 1381 3737 sancto
1415 3672 1654 3760 Spiritu
1692 3686 1997 3739 statutum
2031 3675 2331 3762 quotidie.

290 3782 398 3848 De
432 3803 559 3868 qno
600 3781 906 3869 scriptum
937 3792 1076 3844 est:
1130 3805 1155 3838 ιι
1189 3778 1314 3858 Qui
1353 3779 1509 3843 dicit
1547 3778 1662 3842 soli
1702 3778 1855 3843 oriri
1900 3789 1965 3844 ct
1994 3778 2228 3855 oritur,
2274 3794 2341 3847 et

303 3909 477 3954 vnon
520 3886 711 3962 oriri,
756 3899 843 3951 et'
871 3903 994 3949 non
1038 3882 1316 3950 oritur¹.
1361 3911 1386 3942 ι
1438 3885 1647 3963 Quem
1691 3884 1956 3952 Hermes
1994 3885 2099 3953 isse
2145 3909 2339 3953 vanu·

373 4055 388 4079 ·
417 4043 534 4091 lob.
558 4058 630 4100 n.
661 4059 713 4105 7.
