2982 4885
890 504 969 548 ne
1017 502 1415 547 memnona
1463 503 1713 549 neuris.
2190 485 2323 575 369

295 622 452 687 cleto
477 619 727 710 repletis
747 619 1086 706 ApostoliS,
1115 617 1476 707 contigisse,
1509 631 1577 683 ut
1600 620 1783 686 liberi
1808 645 2066 710 prorsus
2090 645 2121 688 a
2153 624 2323 691 curis

293 739 535 801 essent3
597 726 707 790 secl
750 724 1196 789 exultationem
1260 737 1324 789 et
1373 723 1695 790 ineffabile
1741 748 1963 791 eorum
2021 730 2326 817 gaudium

296 832 477 896 timor
502 830 723 917 aliquis
748 830 1259 917 consequebatur
1280 852 1357 892 ex
1383 829 1514 917 ipsa
1542 829 1764 917 gratia,
1799 854 1878 895 ne
1902 831 2063 897 sorte
2093 833 2329 921 peJoris

292 937 479 1025 partis
513 947 909 1011 tentarentur
953 933 1412 999 occasionibus,
1464 935 1607 1020 Ipsa
1639 933 1807 997 enim
1854 935 2054 1022 gratia
2091 938 2153 1002 in
2192 951 2330 1005 tuto

291 1064 384 1121 res
419 1041 704 1129 ipsorum
745 1041 1061 1128 ponebat,
1111 1062 1191 1103 ne
1238 1040 1338 1103 vel
1384 1039 1462 1100 ad
1503 1038 1837 1105 minimum
1886 1045 2266 1109 excederent
2297 1071 2335 1111 a

291 1159 480 1212 recto.
538 1147 745 1233 Atque
790 1158 863 1211 ut
901 1148 1204 1233 puerulus
1243 1167 1434 1231 parvo
1475 1144 1724 1207 calculo
1777 1144 1838 1208 in
1879 1168 2133 1212 murum
2185 1150 2338 1214 soli·

292 1252 440 1315 dum
475 1250 769 1338 conjecto
803 1253 1050 1315 nullum
1083 1250 1140 1314 ei
1175 1242 1477 1313 damnum
1511 1248 1736 1324 insert;
1766 1263 1874 1316 aut
1903 1250 2181 1336 jaculum
2220 1256 2328 1321 he-

237 1372 250 1391 *
292 1359 401 1423 bes
443 1359 707 1422 loricam
750 1354 1002 1421 firmam
1037 1352 1314 1420 'minime
1352 1354 1564 1428 laedit3
1612 1354 1701 1419 sic
1750 1379 1891 1444 pars
1936 1358 2039 1423 illa
2084 1361 2338 1425 malitiae

296 1464 537 1549 reliqua
572 1462 636 1525 in
671 1463 837 1548 ipsos
872 1463 1177 1548 impetum
1215 1460 1451 1526 faciens
1483 1461 1774 1526 inefficax
1814 1475 1877 1528 et
1912 1464 2340 1532 frustraneum

296 1591 431 1632 esse
467 1567 1056 1639 demonstrabatur,
1106 1568 1280 1653 quod
1325 1567 1463 1635 illos
1517 1566 1819 1631 nimirum
1864 1567 2096 1633 Christi
2146 1570 2343 1637 virtus

295 1673 529 1760 optime
576 1671 964 1736 munivisset.
1023 1672 1337 1736 Caeterum
1375 1673 1846 1759 quantumlibet
1890 1673 2192 1763 perfectis
2202 1724 2229 1759 2
2275 1676 2346 1741 li-

295 1774 504 1842 bertus
545 1789 755 1841 tamen
800 1776 1041 1841 arbitrii
1076 1776 1298 1842 inerat.
1341 1777 1479 1843 Non
1519 1779 1690 1843 enim
1732 1801 1951 1843 verum
1996 1793 2126 1854 est,
2168 1783 2343 1867 quod

291 1883 547 1970 quidam
583 1882 803 1946 inscite
827 1881 1134 1968 garriunt,
1163 1894 1304 1969 post
1333 1896 1656 1971 acceptam
1684 1884 1950 1971 gratiam
1971 1933 1990 1958 ,
2026 1878 2187 1948 nihil
2219 1884 2340 1951 nisi

287 1989 664 2054 laxationem
698 2000 762 2052 et
792 1987 1070 2074 quietem
1114 2001 1369 2052 restare.
1410 1990 1701 2076 Requirit
1740 1991 1909 2055 enim
1938 1991 2249 2056 Dominus
2276 1991 2341 2058 in

261 2078 580 2184 ‚perfectis
595 2118 848 2181 quoque
869 2097 1258 2158 voluntatem
1281 2095 1506 2158 animm
1531 2094 1595 2159 in
1613 2095 1994 2183 obsequium
2022 2095 2292 2185 Spiritus
2313 2146 2333 2172 ,

291 2213 362 2263 ut
393 2199 527 2264 haec
561 2199 831 2263 invicem
866 2200 1285 2281 consentiant.
1319 2199 1489 2264 Dicit
1513 2200 1685 2263 enim
1716 2203 2058 2287 Apostolus
2089 2225 2103 2265 ε
2152 2230 2176 2261 ιι
2203 2203 2340 2292 Spi-

298 2332 330 2373 ιι,
346 2305 539 2367 ritum
573 2304 765 2365 nolite
789 2302 1155 2389 extinguere
1189 2304 1235 2365 ¹.
1274 2330 1298 2360 ιι

384 2404 586 2470 XVII.
644 2404 930 2492 Simplici
957 2406 1468 2469 nomenclatione
1495 2405 1820 2492 designare
1849 2430 1971 2480 res,
2001 2406 2183 2472 facile
2211 2410 2341 2476 cui—

291 2512 384 2577 vis
416 2524 482 2576 et
521 2510 693 2574 sactu
728 2532 1000 2596 pronum
1046 2521 1158 2573 est.
1209 2509 1421 2575 Facile
1458 2510 1693 2597 quippe
1739 2511 1910 2575 omni
1956 2511 2199 2577 homini
2239 2528 2337 2579 est

294 2619 507 2682 dicere
562 2639 791 2704 panem
825 2615 1029 2689 hunc,
1075 2613 1095 2699 (
1128 2627 1197 2680 ut
1250 2615 1374 2679 hoc
1412 2617 1701 2702 exemplo
1736 2619 2031 2705 utamur)
2070 2640 2148 2681 ex
2205 2617 2339 2683 sru-

191 2801 194 2806 .
294 2735 511 2790 mento
544 2744 678 2786 esse
712 2734 1153 2808 compactum3
1193 2715 1317 2807 quo
1352 2731 1563 2784 autem
1596 2721 1788 2785 modo
1815 2744 2016 2807 quave
2042 2733 2176 2787 arte
2209 2733 2335 2789 tota

295 2829 434 2917 ejus
475 2828 846 2916 przeparatio
889 2825 1316 2892 administrata
1360 2824 1549 2890 suerit
1586 2826 1947 2915 singillatim
1983 2851 2333 2917 exponere,

291 2933 464 2999 haud
491 2932 690 3020 quivis
723 2944 911 3018 queat
938 2957 955 3005 ;
994 2933 1104 2996 sed
1132 2932 1197 2997 icl
1225 2955 1449 2996 eorum
1483 2934 1705 2997 saltem
1729 2943 1846 3006 est,
1884 2933 1991 3020 qui
2015 2935 2336 3022 experien-

293 3040 438 3105 tiam
462 3039 551 3102 rei
580 3038 831 3102 habent.
856 3037 955 3102 Ad
973 3037 1145 3102 hunc
1166 3038 1356 3127 igitur
1370 3038 1634 3102 modum
1655 3037 1915 3105 cuilibet
1937 3039 2005 3103 in
2030 3054 2332 3132 promptu

291 3158 407 3220 est,
447 3145 523 3208 ‹le
557 3142 898 3208 affectuum
924 3144 1237 3209 vacuitate
1269 3155 1332 3209 et
1353 3144 1743 3233 perfectione
1774 3145 2119 3223 disserere3
2147 3170 2333 3236 expe-

301 3250 524 3313 rientia
553 3269 699 3313 vero
724 3271 1052 3338 capessere
1083 3249 1401 3337 negotium
1433 3298 1450 3324 ,
1485 3249 1611 3315 hoc
1642 3273 1807 3315 vero
1827 3262 1923 3317 est
1952 3249 2153 3337 reipsa
2179 3251 2335 3316 etin

296 3355 555 3420 veritate
579 3349 951 3419 methodum
976 3355 1380 3442 perfectionis
1403 3355 1757 3442 percipere.

376 3461 608 3526 XVIII.
661 3459 1068 3541 Quicumque
1101 3461 1179 3521 de
1204 3459 1512 3543 spirituali
1548 3459 1863 3534 doctrina,
1892 3458 2028 3522 sine
2054 3468 2244 3544 gustu
2266 3470 2335 3524 et

293 3564 676 3652 experientia
733 3562 1096 3648 disputant,
1152 3583 1259 3622 eos
1305 3560 1402 3620 aio
1443 3583 1734 3648 egolesse
1768 3564 2004 3628 similes
2050 3561 2335 3639 homini,

291 3692 405 3757 per
436 3680 753 3741 aestatem,
793 3662 1055 3727 meridie
1088 3659 1469 3726 calidissimo
1505 3661 1843 3739 existente,
1887 3688 2001 3753 per
2037 3687 2337 3753 campum

293 3771 615 3834 desertum
647 3767 1017 3854 aridumque
1053 3764 1402 3831 transeunti
1428 3790 1447 3839 ς
1478 3778 1669 3854 atque
1695 3765 1758 3831 in
1797 3767 1935 3844 siti,
1971 3763 2096 3857 qua
2133 3772 2334 3837 multa

293 3888 359 3942 et
382 3873 862 3964 flagrantissima
887 3885 1218 3964 torquetur
1238 3923 1256 3952 ,
1285 3870 1497 3941 animo
1521 3872 1641 3941 sibi
1672 3871 1916 3946 fontem
1938 3871 2202 3964 fingenti
2223 3897 2339 3971 Sei

359 4025 382 4066 ,ι
417 4027 436 4064 ι
465 4009 633 4061 Thess.
670 4025 722 4067 v,
751 4027 824 4078 ¹9·

521 4115 735 4172 xum.
2036 4093 2121 4190 24
