2982 4885
614 476 703 563 34
1279 493 1330 536 s.
1381 478 1650 536 molan
1690 474 1965 531 naum

610 623 739 699 illi,
768 602 879 709 qul
907 620 1133 706 sponte
1169 630 1239 678 se
1260 609 1468 701 ipsum
1499 603 1743 672 mundo
1773 596 2138 674 tradiderit,
2181 594 2652 686 voluptatibus-

614 750 739 819 que
783 729 1088 811 deceptus
1135 739 1207 785 ac
1254 713 1522 782 terrenis
1551 707 2075 799 occupationibus
2108 704 2446 779 seductus,
2474 706 2653 771 oher.

612 834 755 902 rat?
773 831 874 899 llli
890 828 1150 918 quidem
1181 822 1484 889 auxilium
1507 827 1786 909 praestat,
1824 813 1933 903 qui
1963 810 2250 878 sordidas
2270 812 2650 900 voluptates,

615 954 681 1009 ot
699 941 942 1031 priores
966 954 1176 1001 mores
1202 941 1521 996 aversatus
1539 975 1557 1001 ,
1582 921 1759 990 omni
1781 919 1844 987 vi
1870 940 1944 985 ac
1975 917 2220 1007 impetu
2244 916 2654 1006 cogitationes

620 1069 763 1115 suas
801 1064 1050 1132 semper
1083 1042 1164 1105 ad
1203 1035 1553 1104 Dominum
1597 1024 1848 1117 dirigit,
1887 1036 1954 1090 et
1985 1044 2051 1090 se
2092 1020 2302 1111 ipsum
2345 1022 2654 1114 abnegat,

620 1154 955 1237 solumque
1000 1144 1349 1213 Dominum
1402 1139 1698 1204 ardenter
1744 1130 1989 1220 quaerit.
2051 1129 2238 1195 Hunc
2285 1142 2652 1206 conservat,

619 1258 730 1347 qui
763 1278 832 1322 se
863 1250 1141 1319 custodit
1169 1268 1204 1313 a
1236 1242 1476 1332 laqueis
1511 1260 1585 1307 ac
1613 1236 1887 1304 restibus
1924 1234 2113 1323 sylva»,
2154 1232 2347 1320 hujus
2394 1230 2615 1298 mundl
2635 1283 2656 1310 ,

622 1363 731 1453 qui
772 1360 966 1427 etiam
993 1355 1209 1421 «Cum
1247 1351 1479 1416 timore
1521 1356 1589 1411 et
1633 1356 1874 1409 terrore
1925 1360 2103 1406 suam
2155 1337 2350 1429 ipsius
2396 1337 2663 1403 salutem

627 1477 973 1556 »operatur
995 1462 1047 1538 ¹,
1086 1472 1117 1524 ι’
1148 1456 1453 1544 omnique
1487 1450 1838 1518 intentione
1869 1466 1986 1536 per
2020 1446 2314 1531 laqueos,
2358 1454 2554 1508 restes
2599 1452 2666 1508 et

625 1564 1170 1660 concupiscentias
1194 1564 1386 1650 hujus
1411 1557 1627 1626 saeculi
1650 1554 1910 1628 transit,
1938 1550 2318 1637 Dominique
2361 1546 2666 1614 auxilium

628 1678 930 1767 requirit,
967 1694 1040 1739 ac
1068 1694 1187 1761 per
1218 1668 1483 1756 gratiam
1505 1657 1960 1728 misericordiae
1981 1656 2120 1745 ejus
2144 1653 2364 1720 salvari
2387 1664 2612 1742 sperat.

680 1824 687 1829 -
718 1784 826 1849 Vl.
881 1781 1050 1844 Ecce
1086 1774 1263 1839 enim
1300 1771 1584 1859 quinque
1616 1766 1962 1854 prudentes
2003 1783 2076 1827 ac
2110 1760 2332 1826 sobrlae
2360 1760 2663 1849 virgines,

637 1884 938 1955 alacriter
967 1885 1362 1945 accersentes
1388 1871 1707 1961 hospitem
1740 1878 1982 1934 naturae
2003 1888 2133 1933 sum
2150 1916 2167 1942 ,
2194 1876 2456 1956 accepto
2479 1865 2543 1930 in
2571 1885 2675 1949 va-

638 1992 813 2061 sibus
858 1986 1070 2054 cordis
1108 1983 1205 2049 sui
1257 1982 1400 2045 oleo
1421 2029 1436 2055 ,
1479 1978 1604 2043 hoc
1657 1987 1777 2052 sst,
1831 1994 2098 2063 superna
2142 1970 2336 2061 gratia
2372 1970 2670 2059 Spiritus,

640 2103 990 2189 potuerunt
1012 2086 1256 2178 ingredi
1275 2106 1404 2150 una
1426 2104 1578 2149 cum
1608 2102 1837 2172 sponso
1867 2081 1932 2146 in
1951 2080 2272 2145 coelestem
2299 2077 2666 2143 thalamum.

640 2202 921 2288 Reliquae
950 2217 1104 2264 vero
1132 2194 1318 2259 satuae
1337 2191 1400 2256 in
1425 2188 1750 2276 suaipsius
1780 2196 2006 2252 natura
2033 2192 2477 2274 permanentes
2499 2232 2516 2257 ,
2552 2202 2680 2247 non

645 2306 1019 2397 vigilarunt,
1056 2321 1175 2365 nec
1216 2318 1474 2391 operam
1518 2297 1870 2368 dederunt,
1913 2302 1986 2356 ut
2031 2291 2244 2356 oleum
2283 2285 2681 2354 exultationis

650 2411 1014 2502 acciperent
1029 2406 1094 2471 in
1125 2403 1287 2471 vasis
1320 2399 1517 2477 suis⁸,
1552 2401 1664 2465 sed
1692 2400 1865 2464 velut
1897 2396 1960 2462 in
1993 2416 2186 2462 carne
2219 2395 2424 2461 adhuc
2447 2401 2679 2467 essent,

648 2540 764 2611 per
805 2510 1284 2604 negligentiam,
1333 2504 1706 2595 segnitiem,
1767 2502 2154 2577 socordiam,
2223 2498 2688 2588 ignorantiam,

654 2637 763 2694 aut
799 2622 993 2687 etiam
1037 2616 1405 2704 opinionem
1436 2609 1693 2698 justitias
1714 2659 1729 2685 ,
1766 2607 2308 2673 ohdormiverunt.
2348 2605 2688 2694 Propterea

654 2728 849 2794 etiam
877 2723 1157 2788 thalamo
1187 2715 1367 2803 regni
1396 2715 1670 2780 exclusae
1701 2727 1884 2790 sunt,
1919 2734 2069 2778 cum
2097 2715 2348 2802 placere
2377 2731 2507 2776 non
2540 2728 2691 2798 pos-

660 2844 803 2899 sent
855 2824 1095 2894 coelesti
1127 2822 1393 2910 sponso.
1454 2813 1729 2885 Vinculo
1777 2819 1950 2884 enim
1997 2817 2221 2886 mundi
2243 2865 2261 2891 ,
2317 2827 2385 2881 et
2439 2826 2693 2880 terreno

664 2938 944 3028 quodam
986 2951 1200 2996 amore
1246 2929 1518 2991 dotentae
1564 2947 1819 2991 omnem
1862 2924 2267 2989 dilectionem
2308 2933 2373 2986 et
2413 2940 2694 2986 amorem

665 3061 855 3112 suum
887 3035 1128 3106 coelasti
1154 3032 1403 3122 Sponso
1433 3053 1562 3097 non
1593 3031 1990 3107 obtulerunt,
2017 3049 2223 3120 neque
2244 3030 2455 3093 oleum
2480 3047 2693 3092 secum

668 3153 1097 3235 sumpserunt.
1159 3139 1319 3220 Quae
1367 3138 1538 3205 enim
1593 3137 1818 3202 animm
1871 3147 2110 3201 naturae
2180 3156 2307 3201 sure
2355 3134 2693 3223 hospitem,

672 3248 1238 3322 “notificationem
1272 3246 1512 3312 scilicet
1534 3245 1834 3334 Spiritus,
1868 3254 2161 3332 quaerunt
2176 3292 2194 3319 ,
2220 3253 2354 3308 tota
2376 3263 2489 3307 sua
2512 3240 2704 3306 dilec-

671 3363 846 3428 tione
876 3356 1154 3426 Domino
1189 3349 1658 3427 devinciuntur,
1695 3351 1822 3418 illic
1856 3350 2214 3423 ambulant,
2261 3347 2391 3413 illic
2431 3366 2703 3436 precan-

670 3480 797 3547 tur,
840 3465 1096 3548 illicque
1125 3458 1537 3546 cogitationes
1576 3477 1719 3521 suas
1769 3453 2086 3542 defigunt,
2119 3453 2365 3519 caeteris
2408 3451 2710 3517 omnibus

672 3567 918 3664 spretis.
957 3567 1299 3653 Pmpt'erea
1344 3563 1537 3628 etiam
1576 3562 1781 3649 dignae
1825 3559 2168 3635 habentur,
2205 3575 2346 3645 quoe
2395 3555 2713 3646 accipiant

673 3683 888 3748 oleum
918 3672 1145 3740 divinae
1174 3669 1391 3759 gratiae
1432 3690 1450 3731 t
1494 3680 1563 3732 et
1590 3667 1680 3733 sic
1715 3666 1953 3751 absque
1983 3665 2112 3731 ulla
2139 3662 2487 3730 offensione
2515 3660 2713 3725 vitam

673 3782 1019 3870 transsigere
1028 3785 1318 3867 possunt,
1333 3774 1518 3838 valde
1532 3769 1839 3860 spirituali
1854 3770 2098 3858 Sponso
2117 3775 2390 3856 acceptae
2401 3773 2471 3831 et
2495 3773 2709 3854 gratae.

675 3889 922 3958 Anim-
955 3907 1107 3952 vero
1158 3881 1227 3948 in
1266 3902 1381 3946 sua
1439 3889 1667 3944 natura
1723 3887 2166 3965 permanentes
2223 3868 2720 3962 cogitationibus

746 4039 766 4068 ⁸
796 4024 977 4093 Philip.
1003 4038 1063 4086 u,
1086 4035 1166 4074 u.
1192 4043 1258 4059 -—
1276 4031 1300 4057 ¹·
1325 4015 1454 4070 rsal.
1478 4028 1593 4079 xm,
1621 4009 1701 4064 ιδ.
