2982 4885
881 506 1063 554 mann
1108 509 1188 553 nn
1238 508 1600 590 uas-susus.
2134 488 2263 583 543

229 627 346 695 nisi
367 627 541 727 Deus
563 625 851 692 Christus
884 650 998 715 per
1030 648 1221 714 quem
1247 626 1400 691 fecit
1419 625 1607 695 Pater
1638 626 1953 711 universa,
1985 628 2269 717 posuerit

231 745 296 797 et
326 732 561 807 scierit,
588 744 776 819 atque
806 732 897 797 eis
927 731 1171 820 singula
1197 731 1453 797 nomina
1484 732 1822 809 vocaverit,
1860 745 1931 799 ut
1962 734 2266 823 scriptum

231 849 326 902 est
357 835 403 901 ¹.

588 1026 834 1083 Lxxw.
871 1030 1185 1084 HAEREsls
1223 1032 1313 1083 DE
1353 1034 1583 1085 vanus
1620 1033 1917 1086 LINGUIS.

320 1226 446 1292 Est
477 1227 728 1293 haeresis
759 1229 875 1294 alia
905 1238 1046 1316 quae
1080 1230 1158 1293 de
1194 1229 1408 1315 lingua
1444 1227 1579 1317 (15)
1617 1241 1683 1293 et
1710 1228 1938 1317 linguis
1971 1226 2267 1317 ambigit,

239 1353 387 1398 cum
416 1332 745 1423 Scriptura
773 1336 944 1401 dicat
974 1346 1039 1398 et
1071 1357 1264 1399 unam
1293 1334 1575 1424 linguam
1617 1346 1682 1400 et
1714 1325 1976 1424 linguas.
2025 1334 2090 1399 Si
2123 1357 2274 1423 ergo

239 1451 374 1503 erat
419 1462 545 1502 una
585 1452 731 1504 ante
763 1441 910 1526 quia
951 1441 1139 1528 pauci
1185 1452 1401 1515 erant,
1445 1440 1575 1506 sive
1614 1453 1829 1529 postea
1874 1442 2089 1505 multae
2131 1440 2277 1525 quia

240 1545 426 1607 multi
457 1558 785 1610 creverant
803 1546 934 1632 jam
967 1547 1095 1611 nati
1125 1547 1416 1612 homines
1457 1548 1523 1611 in
1554 1548 1810 1620 saecu10,
1838 1568 1968 1609 non
1999 1556 2093 1609 est
2120 1546 2276 1608 adeo

245 1647 465 1713 inutile
484 1650 610 1715 hoc
637 1651 720 1715 ita
745 1651 979 1715 sentire
1005 1675 1019 1715 ε
1051 1665 1192 1739 post
1218 1653 1503 1739 quintam
1534 1654 1848 1718 decimam
1880 1652 2051 1716 enim
2084 1672 2279 1739 gene-

246 1756 551 1820 rationem
581 1759 661 1821 ab
695 1742 900 1824 Adam
931 1782 1133 1846 usque
1175 1762 1256 1827 ad
1280 1761 1494 1827 Heber
1517 1783 1744 1825 umnec.
1778 1759 1925 1823 anni
1950 1769 2122 1833 sunt,
2159 1757 2276 1822 sub

244 1874 371 1948 quo
395 1860 681 1927 confusio
713 1863 899 1929 missa
923 1876 1019 1929 est
1050 1865 1435 1954 linguarum,
1469 1878 1731 1954 propter
1752 1875 2086 1959 peccatum
2107 1861 2281 1949 quod

246 1964 526 2031 fecerant
546 1964 932 2034 aedificantes
960 1970 1183 2034 turrim
1202 1983 1268 2035 et
1293 1970 1638 2044 civitatem,
1659 1982 1723 2034 et
1747 1983 1821 2034 ut
1844 1969 2220 2034 rebellantes
2245 1988 2282 2031 a

247 2070 382 2136 Deo
420 2072 546 2138 hoc
595 2074 760 2161 passi
799 2089 990 2140 sunt:
1029 2074 1337 2141 habentes
1369 2077 1540 2141 enim
1588 2076 1935 2164 angelicam
1977 2074 2279 2164 gratiam,

250 2175 310 2239 id
347 2189 479 2251 est,
513 2181 859 2243 multarum
891 2179 1252 2266 linguarum
1290 2181 1618 2245 scientiam
1647 2228 1662 2253 ,
1696 2202 1825 2245 non
1856 2179 2285 2269 agnoscebant

253 2282 539 2346 datorem
585 2294 770 2346 tantae
817 2280 1136 2369 sapientiae
1175 2276 1555 2357 Dominum,
1594 2295 1938 2370 contraque
1975 2305 2123 2345 eum
2176 2304 2288 2346 co-

253 2395 476 2451 nantes
506 2385 800 2474 progredi
819 2434 833 2457 ,
869 2384 1278 2476 perdiderant
1317 2386 1614 2476 gratiam,
1641 2408 1833 2473 quam
1871 2386 2005 2451 sine
2035 2386 2164 2450 ullo
2195 2386 2291 2450 la-

254 2491 411 2556 bore
455 2489 751 2556 divinitus
784 2487 1106 2557 habebant
1149 2514 1538 2588 concessam.
1581 2491 1662 2556 Et
1700 2494 1871 2580 quod
1911 2490 2045 2558 sine
2083 2492 2292 2557 studio

257 2595 401 2662 'ante
443 2600 749 2662 donatum
790 2597 995 2661 suerat
1035 2620 1068 2661 a
1110 2593 1388 2662 Domino
1434 2596 1806 2664 naturaliter
1854 2597 2184 2670 omnibuS,
2225 2604 2299 2660 ut

256 2701 374 2768 Dei
401 2702 680 2789 imagini,
701 2714 915 2791 postea
933 2725 1046 2790 per
1064 2701 1345 2767 studium
1369 2715 1559 2792 atque
1584 2701 1963 2788 doctrinam,
1981 2700 2298 2767 oblivione

257 2805 538 2872 immissa
571 2829 602 2870 a
640 2807 948 2881 Domin0,
988 2807 1090 2871 vix
1129 2807 1372 2872 discere
1418 2808 1843 2895 praevalebant
1883 2829 2011 2870 non
2041 2828 2295 2880 omnes,

259 2934 378 2977 nec
412 2913 643 2977 multas
665 2962 683 2988 ,
719 2913 830 2978 sed
865 2911 965 2977 vix
1001 2936 1235 3001 paucas
1271 2912 1516 3001 linguas
1539 2963 1555 2987 ,
1594 2912 1677 2976 ita
1713 2925 1786 2978 ut
1814 2929 1938 2977 tres
1980 2912 2155 3000 quis,
2180 2925 2298 3000 ,aut

261 3030 534 3104 quatuor
565 3019 803 3083 valeret
831 3018 1149 3093 ediscere,
1181 3030 1369 3105 atque
1405 3017 1629 3083 iisdem
1664 3018 1763 3082 vix
1794 3019 2024 3106 eloqui.
2064 3019 2303 3085 Tamen

264 3144 518 3188 omnem
560 3124 888 3189 scientiam
918 3124 1315 3215 linguarum,
1351 3147 1490 3212 quae
1531 3138 1675 3189 ante
1708 3126 1835 3189 duo
1878 3125 2071 3190 millia
2108 3146 2304 3188 anno-

265 3251 433 3304 rum,
460 3244 525 3294 et
549 3232 974 3318 septingentos
1000 3254 1195 3297 annos
1216 3230 1612 3297 offendentes
1628 3231 1967 3297 amiserant
1991 3231 2303 3310 homines»,

270 3336 388 3400 sub
444 3333 762 3421 Apostolis
807 3359 1056 3401 rursum
1103 3352 1244 3426 post
1297 3338 1732 3406 ascensionem
1772 3359 1950 3401 suam
2001 3336 2309 3403 Dominus

271 3462 385 3527 per
437 3437 743 3529 Spiritum
788 3451 1080 3502 sanctum
1132 3441 1265 3505 sine
1299 3445 1589 3527 ,quodam
1642 3443 1859 3509 labore
1906 3443 2312 3530 credentibus

272 3543 641 3609 conserebat
663 3587 680 3617 ,
731 3541 894 3607 sicut
932 3542 1242 3631 scriptum
1282 3556 1374 3608 est
1407 3546 1470 3608 in
1504 3548 1772 3612 Actibus
1812 3549 2306 3637 Apostolorum:

275 3649 598 3736 Angelicae
636 3647 809 3711 enim
852 3646 1101 3712 virtutis
1142 3659 1241 3712 est
1285 3649 1530 3736 linguas
1574 3651 1735 3716 scire
1780 3655 2062 3718 omnium
2106 3654 2316 3720 homi-

278 3776 438 3818 num
469 3776 483 3816 ε
523 3775 635 3839 pcr
663 3749 851 3817 fidem
878 3764 1085 3817 autem
1123 3752 1356 3818 Christi
1386 3755 1520 3820 sine
1546 3757 1757 3836 labore
1795 3759 2151 3847 linguarum
2183 3785 2325 3829 om·-

279 3858 464 3925 nium
510 3855 916 3924 credentibus
952 3858 1472 3926 subministratur
1504 3861 1797 3938 scientia,
1825 3863 1989 3930 sicut
2016 3867 2322 3957 legimus,

357 4025 370 4050 ¹
403 4009 537 4063 Psal.
563 4024 723 4071 cavi.
743 4010 794 4070 4.
