2982 4885
1207 478 1464 524 nonina
1512 448 1700 525 xxvuj
2350 483 2383 527 s
2400 486 2424 527 1
2440 456 2475 527 :3

442 593 522 661 de
553 618 712 684 pane
747 590 1007 676 visibili,
1048 593 1455 684 spiritualiter
1483 590 1576 681 56)
1615 617 1871 663 carnem
1909 593 2167 663 Domini
2205 619 2427 665 esttros
2454 576 2485 663 τ’

413 701 632 779 litem,
673 700 1008 790 Apostolos
1048 712 1114 766 et
1161 699 1553 767 Christianos
1587 715 1990 790 suscepturos
2034 703 2474 780 Paracletum,

444 819 633 897 atque
655 805 1008 870 induendos
1041 804 1271 872 virtute
1299 829 1378 872 ex
1401 808 1527 871 alto
1555 854 1574 883 ,
1610 828 1685 872 ac
1717 809 2054 894 replendos
2082 807 2423 877 Divinitate
2457 832 2485 872 :-

444 911 947 978 commiscendas
995 932 1250 1000 quoque
1296 911 1539 978 animas
1578 933 1726 979 cum
1766 910 2011 1000 Spiritu
2052 927 2292 979 sancto.
2342 914 2480 981 Hoc

442 1015 819 1106 ignorabant
849 1015 1181 1104 Prophetae
1225 1038 1296 1084 ac
1338 1039 1557 1105 reges,
1602 1038 1812 1103 neque
1854 1006 2227 1081 ascenderat
2267 1016 2330 1081 in
2370 1038 2484 1082 cor

443 1120 719 1189 illorum.
777 1120 960 1188 Nunc
996 1121 1166 1187 enim
1212 1120 1554 1187 Christiani
1599 1119 1722 1186 alio
1770 1133 1963 1211 pacto
2010 1119 2366 1197 ditescunt,
2407 1143 2485 1188 ac

444 1225 757 1317 desiderio
800 1226 1135 1316 rapiuntur
1177 1230 1255 1292 ad
1293 1226 1743 1302 Divinitatem3
1789 1238 1853 1291 at
1889 1223 2043 1291 licet
2086 1215 2210 1309 hoc
2251 1220 2493 1313 gaudie

444 1341 511 1395 et
551 1330 984 1395 consolatione
1026 1330 1430 1423 perfruantur
1454 1379 1475 1412 ‚
1530 1331 1759 1399 timore
1803 1342 2019 1397 tamen
2080 1351 2154 1399 ac
2204 1340 2486 1397 tremore

448 1432 926 1500 concutiuntur.

1093 1651 1098 1665 ·
1212 1620 1763 1708 musaeum-10.

534 1840 767 1912 XVIII.
824 1842 972 1927 Quo
995 1846 1237 1913 timore
1261 1869 1342 1912 ac
1375 1852 1709 1916 tremor-o?
1930 1842 1935 1849 ’
2476 1852 2493 1883 ⁸

1279 2064 1672 2124 Responsw.

538 2264 631 2333 Ne
663 2266 958 2331 aberrent
984 2269 1046 2331 in
1072 2256 1334 2354 aliquo,
1363 2267 1474 2332 sed
1514 2268 1907 2334 concordent
1943 2265 2176 2356 gratiae.
2204 2269 2490 2334 Perinde

454 2391 526 2434 ac
552 2368 600 2433 si
634 2370 773 2458 quis
793 2417 811 2444 ,
840 2371 946 2456 qui
978 2369 1209 2433 habeat
1243 2368 1603 2441 thesauros,
1637 2382 1702 2432 et
1737 2368 2179 2456 proficiscatur
2207 2371 2288 2435 ad
2316 2370 2486 2445 loca,

455 2473 565 2537 ubi
591 2485 738 2539 sunt
768 2474 1077 2547 latrones,
1118 2471 1354 2560 gaudet
1377 2471 1636 2559 quidem
1661 2482 1921 2559 propter
1950 2494 2102 2558 opes
2138 2482 2201 2535 ct
2232 2472 2493 2536 thesau-

456 2601 597 2642 rum
617 2624 633 2654 ,
664 2577 780 2641 sub
807 2589 984 2641 metu
1009 2577 1419 2642 nihilominus
1441 2588 1561 2652 est,
1582 2599 1661 2640 ne
1685 2574 2196 2664 supervenientes
2215 2576 2495 2643 latrones

457 2669 902 2770 depraedentur
922 2705 988 2747 se
1006 2729 1024 2756 ,
1046 2694 1111 2746 et
1142 2681 1404 2770 perinde
1429 2692 1556 2754 est,
1584 2702 1658 2745 ac
1690 2679 1738 2743 si
1764 2691 1965 2768 gestet
1987 2678 2277 2744 manibus
2300 2699 2493 2746 suum

455 2788 782 2880 proprium
806 2811 1056 2878 corpus.
1088 2789 1255 2854 Ecce
1276 2788 1474 2862 enim,
1497 2789 1706 2875 quoad
1728 2809 1827 2860 ea,
1857 2808 1995 2873 quae
2020 2785 2220 2851 oculis
2246 2789 2489 2875 patent,

455 2917 675 2960 omnes
700 2892 1228 2968 renuntiavimus,
1272 2915 1345 2958 ac
1370 2915 1588 2957 sumus
1612 2890 1966 2980 peregrini,
2004 2903 2194 2978 atque
2226 2890 2445 2979 inopes
2467 2940 2488 2967 ,

452 2999 818 3087 carnalique
849 2997 1149 3064 societate
1172 2997 1435 3087 privati.
1465 2998 1676 3084 quoad
1703 3008 1928 3060 czctcra
1954 2994 2131 3070 vide,
2159 3017 2389 3086 corpus
2413 2993 2497 3059 ad

458 3104 810 3170 orationem
838 3106 1228 3193 propendet·
1264 3104 1502 3168 debent
1530 3102 1755 3168 fratres
1785 3102 2146 3176 attendere,
2176 3124 2331 3166 num
2358 3121 2495 3165 cor-

435 3189 596 3332 pori
619 3232 800 3276 mens
830 3233 1085 3299 quoque
1123 3221 1472 3276 consonet.
1505 3206 2045 3295 quemadmodum
2076 3204 2497 3294 utplurimum

459 3314 540 3422 ιιι
554 3318 798 3406 mundo
831 3315 1134 3390 artifices,
1171 3326 1360 3403 atque
1390 3312 1888 3379 architectorum
1912 3309 2232 3427 principes
2259 3307 2503 3378 habent

460 3443 695 3511 corpus
723 3413 1112 3488 devinctum
1163 3419 1242 3484 ad
1290 3423 1527 3489 artem,
1589 3416 1808 3481 itidem
1856 3425 1922 3479 et
1967 3410 2249 3477 animum
2305 3426 2505 3479 noctu

443 3525 719 3616 diuque.
750 3526 849 3592 Tu
872 3547 1022 3613 ergo
1056 3522 1377 3611 perpende
1408 3531 1471 3581 te
1504 3519 1708 3604 ipsum
1727 3568 1745 3593 ,
1785 3517 1893 3605 qui
1923 3515 2121 3582 habes
2152 3537 2381 3604 corpus
2400 3539 2506 3604 pe-

449 3631 787 3716 magt-inum
821 3633 898 3697 ab
934 3630 1057 3696 hoc
1096 3625 1365 3700 mundo,
1393 3645 1549 3688 num
1572 3621 1763 3686 etiam
1794 3622 2029 3688 habeas
2055 3633 2335 3684 mentem
2363 3621 2511 3711 alie}

472 3750 622 3794 nam
654 3733 730 3795 ab
762 3735 887 3797 hoc
926 3737 1193 3807 saeculo,
1221 3753 1307 3798 ac
1346 3753 1475 3799 non
1514 3724 2046 3816 occupationibus
2088 3721 2311 3789 mundi
2343 3724 2513 3790 deti-

473 3818 724 3898 neatis?
747 3835 1028 3912 Quilibet
1051 3837 1219 3901 enim
1244 3834 1586 3908 saecularis,
1615 3827 1743 3898 si've
1768 3830 1981 3904 miles,
2010 3831 2139 3895 sive
2171 3819 2514 3906 mercator,

473 3937 590 4005 ubi
622 3959 854 4029 corpus
886 3938 1114 4021 habet,
1147 3941 1242 4009 ibi
1287 3964 1542 4032 quoque
1573 3939 1769 4009 habet
1799 3949 2080 4007 mentem
2104 3929 2475 4008 devinctam
2494 3983 2516 4013 ,
