2982 4885
835 535 916 579 ne
963 532 1360 582 summoue
1409 532 1655 578 usa-ns.
2132 511 2267 579 365

315 655 429 722 XI.
487 654 913 719 Accurramus
950 652 1031 716 ad
1059 661 1390 716 vocantem
1430 672 1547 714 nos
1585 648 1905 716 Christum
1946 650 2263 729 alacriter,

237 762 628 829 effundentes
675 782 864 849 super
912 758 1118 846 ipsum
1167 758 1395 830 corda:
1443 767 1509 821 et
1557 778 1637 820 ne
1680 769 1995 831 nostram,
2044 771 2268 847 sponte

237 870 622 935 remittentes
656 868 735 932 de
773 877 987 930 nostra
1031 863 1480 939 contentione,
1531 865 1939 951 desperemus
1970 867 2257 931 salutem.

238 974 388 1041 Nam
426 985 488 1038 ct
531 972 654 1038 hoc
699 971 933 1036 diaboli
966 969 1286 1059 sophisma
1324 980 1463 1043 est,
1504 970 1948 1034 recordatione
1982 971 2266 1057 priorum

240 1080 610 1146 delictorum
651 1077 955 1142 inducere
994 1075 1058 1139 in
1093 1074 1622 1163 desperationem.
1667 1073 1751 1140 At
1781 1074 1964 1138 nobis
1999 1074 2081 1139 ita
2109 1076 2274 1165 cogi-

241 1186 497 1249 tandum
521 1194 618 1248 est
656 1205 670 1246 :
707 1182 758 1288 si
794 1182 1104 1248 Dominus
1134 1230 1152 1257 ,
1181 1202 1329 1245 cum
1365 1180 1430 1243 in
1460 1179 1637 1244 hunc
1657 1181 1969 1244 mundum
1994 1181 2267 1257 advenit,

240 1312 558 1355 coecorum
582 1337 597 1362 ,
643 1287 1138 1375 paralyticorum
1165 1336 1183 1362 ,
1224 1286 1570 1350 surdorum
1604 1286 1888 1351 medicus
1930 1298 1994 1352 ct
2029 1288 2275 1353 restitu-

242 1406 339 1458 tor
375 1394 438 1458 iu
470 1394 787 1480 integrum
814 1390 929 1455 suit
946 1416 965 1464 ς
995 1391 1046 1455 si
1077 1403 1362 1455 mortuos
1388 1390 1519 1478 jam
1555 1402 1890 1479 corruptos
1913 1392 2271 1469 suscitavit3

243 1510 476 1585 quanto
512 1496 709 1583 magis
748 1494 1098 1558 caecitatem
1127 1494 1395 1569 mentis,
1442 1494 1665 1559 anima:
1695 1494 2047 1584 pigritiam,
2095 1496 2281 1561 incu-

245 1602 392 1667 riosi
431 1600 640 1666 cordis
682 1598 931 1663 curabit
972 1598 1399 1664 surditatem?
1446 1599 1959 1686 quandoquidem
1983 1648 2001 1675 ,
2047 1612 2118 1665 ut
2151 1622 2280 1665 non

247 1709 403 1773 alins
437 1708 513 1771 ab
549 1703 997 1795 ipsoucorporis
1017 1719 1266 1770 creator
1288 1718 1383 1770 est
1402 1731 1421 1780 ;
1457 1705 1543 1769 ita
1581 1718 1646 1770 et
1678 1706 1955 1770 animam
1977 1705 2107 1794 ipse
2131 1727 2287 1770 con-

248 1810 426 1877 didit.
460 1810 573 1886 Et,
619 1810 667 1875 si
693 1833 840 1897 erga
863 1809 1034 1875 ssuxa
1063 1821 1128 1874 et
1151 1811 1437 1876 mortalia
1461 1823 1590 1874 tam
1617 1810 1891 1899 benigne
1916 1834 1990 1877 ac
2014 1814 2286 1877 clemen-

246 1932 343 1984 ter
380 1917 644 1985 ass'ectus
692 1928 820 1990 est3
860 1927 1098 2002 quanto
1135 1916 1332 2003 magis
1376 1915 2020 1993 immortalianimae,
2057 1916 2285 1982 morbo

246 2022 587 2111 iniquitatis
603 2033 668 2086 et
690 2021 1057 2110 ignorantiae
1077 2020 1423 2094 laboranti3
1459 2021 1690 2086 deiude
1724 2023 2151 2088 accedentiad
2186 2023 2285 2113 ip-

249 2153 388 2195 sum
421 2142 484 2195 et
505 2129 746 2203 oranti,
781 2129 1087 2194 benevole
1117 2128 1515 2192 curationem
1550 2127 1920 2211 adhibebit?
1942 2128 2081 2217 ejus
2114 2129 2285 2195 enim

251 2256 370 2297 vox
409 2233 540 2298 haec
565 2244 660 2296 est
690 2255 704 2294 τ
740 2257 765 2290 ι
795 2233 983 2299 Pater
1014 2254 1194 2296 meus
1228 2232 1537 2305 coelestis,
1575 2255 1785 2297 annon
1824 2233 2013 2297 saciet
2040 2236 2252 2300 vindic

257 2364 279 2395 ι
302 2349 428 2398 tam
462 2332 873 2398 clamantium
908 2335 988 2395 ad
1026 2354 1092 2395 se
1116 2334 1217 2396 die
1240 2355 1314 2396 ac
1344 2333 1577 2396 nocte?
1608 2334 1691 2396 ita
1717 2334 1861 2397 dico
1889 2333 2067 2397 vohis
2088 2381 2107 2409 ,
2145 2337 2291 2420 quia

257 2470 280 2502 ι
303 2441 427 2505 cito
465 2438 654 2504 saciet
694 2436 1034 2502 vindictam
1063 2436 1342 2501 eorum'.
1389 2465 1413 2496 n
1466 2437 1547 2500 Et
1584 2437 1686 2501 illa
1718 2437 1856 2525 ejus
1892 2461 2146 2528 quoque
2175 2463 2296 2508 vox

257 2558 352 2612 est
385 2569 399 2610 :
425 2573 450 2605 ι
483 2544 685 2611 Petite
708 2555 771 2608 et
797 2542 1052 2607 dabitur
1076 2541 1319 2608 vobis².
1349 2569 1373 2601 n
1393 2541 1472 2606 Et
1496 2564 1715 2607 rursus
1755 2567 1771 2605 z
1816 2570 1841 2603 ι
1872 2543 1939 2608 Si
1969 2567 2084 2622 eo,
2120 2550 2295 2634 quod

260 2681 284 2712 »
306 2651 546 2715 amicus
579 2648 717 2735 ejus
751 2649 829 2714 sit
871 2669 998 2711 non
1033 2646 1243 2721 dabit;
1280 2660 1539 2736 propter
1577 2643 2054 2735 improbitatem·
2087 2665 2297 2719 tamen

261 2784 285 2816 ι
306 2756 442 2843 ejus
476 2766 724 2844 surget,
754 2765 816 2818 et
848 2751 1025 2818 dabit
1055 2753 1143 2817 illi
1175 2766 1411 2840 quanto
1444 2752 1737 2842 indiget³.
1774 2755 2067 2834 »Quibus
2089 2757 2297 2825 verbis

268 2862 346 2926 ad
375 2861 546 2951 piam
587 2882 701 2924 nos
732 2859 1075 2947 quamdam
1119 2858 1183 2923 in
1213 2857 1518 2946 petitione
1553 2859 2044 2948 impudentiam,
2080 2876 2144 2928 et
2180 2864 2304 2930 im-

262 2969 533 3059 probam
583 2967 1145 3057 importunamque
1191 2965 1552 3030 instantiam
1598 2963 1913 3034 hortatur.
1960 2968 2302 3040 Enimvero.

264 3087 524 3164 propter
558 3085 928 3163 peccatores
972 3072 1105 3160 ipse
1142 3071 1351 3147 veuit,
1400 3084 1471 3137 ut
1507 3092 1615 3136 eos
1661 3072 1739 3136 ad
1777 3095 1843 3138 se
1878 3088 2299 3145 converteret.

266 3180 542 3246 Tantum
592 3202 625 3244 a
685 3178 851 3244 salsis
905 3180 1277 3244 recedentes
1322 3177 1985 3266 praeoccupationibus
2030 3182 2305 3254 Domino

271 3307 602 3359 vacemus3
637 3296 703 3348 et
725 3283 828 3348 ille
862 3306 976 3352 nos
1010 3306 1138 3348 non
1171 3283 1477 3370 despicit,
1514 3283 1624 3348 sed
1650 3295 1983 3371 promptus
2000 3295 2100 3350 est
2116 3285 2310 3358 ,·suh

273 3390 672 3463 ministrans,
706 3411 831 3476 qno
864 3388 992 3451 ab
978 3409 1111 3475 ipso
1143 3409 1404 3472 egemus
1426 3435 1443 3468 ‚
1477 3386 1803 3451 auxilium.

363 3492 782 3560 X11.Sicut
768 3513 831 3554 m
858 3490 1086 3552 morbo
1110 3498 1176 3549 et
1200 3487 1571 3551 infirmitate
1602 3481 2318 3577 deprehensisffluaudq
2348 3531 2355 3538 ,

278 3598 406 3684 jam
437 3620 667 3685 corpus
707 3616 835 3660 non
873 3590 1139 3678 amplius
1176 3588 1470 3651 alimenta
1514 3589 1641 3652 cibi
1669 3602 1736 3654 et
1774 3604 1962 3677 potus
1993 3595 2320 3682 percipere

279 3710 520 3788 potest;
556 3701 930 3784 donperatur
970 3696 1048 3758 de
1077 3703 1359 3781 aegroto,
1410 3703 1474 3756 ct
1518 3713 1636 3780 pro
1676 3704 1852 3757 certo
1891 3694 2067 3782 signo
2097 3699 2321 3768 mortis

281 3803 421 3891 ejus
454 3804 519 3869 id
548 3803 846 3876 habetur,
883 3802 1052 3865 unde
1086 3797 1271 3865 amici
1305 3809 1369 3863 et
1406 3796 1743 3864 necessarii
1776 3798 1970 3888 ipsius
2008 3802 2187 3869 illum
2218 3807 2324 3888 lu?

280 3922 433 4006 gent
451 3932 476 4002 ⁴t
505 3909 594 3975 sic
619 3908 790 3998 Deus
819 3917 883 3973 et
904 3903 1129 3996 Angeli
1159 3901 1396 4000 animas
1417 3902 1834 3988 escacoelesti
1856 3906 2028 3994 pasci
2052 3911 2331 3999 ampliu&

355 4059 367 4082 ¹
399 4047 515 4099 Luc.
543 4061 686 4106 xnn,
711 4061 759 4112 7.
789 4071 849 4083 -—
879 4058 898 4083 ⁸
930 4040 1108 4096 nauh.
1137 4055 1229 4104 vn,
1269 4011 1315 4109 7⁴.
1345 4043 1455 4118 -—·⁸
1493 4040 1710 4114 Luc-titt,
1739 4039 1791 4092 8.
