2982 4885
1147 437 1406 527 neumas
1457 481 1501 525 1.
2266 483 2344 552 ¹7

297 598 649 688 proborum
680 595 1050 672 hominunm
1085 596 1656 663 subministrabant
1685 594 1859 660 enim
1892 594 2117 662 animis
2146 593 2351 663 bomi-

301 724 456 767 num
484 703 571 767 sal
606 701 877 790 Spiritus
909 704 1203 779 coeleste,
1230 701 1604 769 condientes
1629 700 1804 777 illos,
1839 712 1905 767 et
1942 723 1976 766 a
2010 700 2348 790 putredine

303 829 376 872 ac
396 830 555 872 noxa
580 830 657 873 ex
680 810 881 873 multo
908 808 1131 873 soetore
1149 809 1567 874 vindicantes.
1592 806 2151 887 Quemadmodum
2173 807 2347 873 enim

304 936 451 978 caro
473 964 491 989 ,
518 915 568 978 si
603 915 729 980 sale
762 937 889 979 non
922 915 1000 980 sit
1036 914 1374 1002 conspersa
1395 962 1412 989 ,
1441 912 1785 1003 putrescit,
1812 923 1877 977 et
1899 914 2098 977 multo
2122 913 2351 977 soetoue

300 1023 608 1109 repletur,
660 1023 818 1086 adeo
850 1034 922 1086 ut
965 1043 1186 1086 omnes
1232 1031 1597 1086 avertantur
1626 1017 1714 1084 ob
1739 1040 1994 1107 gravem
2031 1016 2340 1082 odorem:

302 1139 367 1191 et
396 1149 642 1192 vermes
678 1128 963 1219 irrepunt
994 1125 1058 1191 in
1089 1148 1348 1194 carnem
1383 1124 1743 1213 putridam,
1780 1123 2035 1210 illicque
2069 1145 2347 1212 pascun-

303 1244 431 1307 tur,
468 1233 813 1299 comedunt
845 1247 910 1297 et
940 1232 1004 1297 in
1024 1232 1380 1298 cavernulis
1407 1231 1791 1297 delitescunt
1816 1254 1833 1294 z
1870 1230 1924 1295 si
1954 1251 2105 1295 vero
2136 1251 2354 1316 super-

304 1337 546 1403 venerit
600 1341 723 1413 sal,
778 1336 1248 1404 interficiuntur
1292 1350 1358 1401 et
1402 1349 1674 1425 pereunt
1741 1334 1871 1400 iuic
1943 1336 2355 1424 depascentes

308 1462 587 1516 vermes,
638 1455 702 1507 et
746 1443 950 1532 gravis
992 1446 1154 1508 odor
1196 1442 1437 1507 soetoris
1476 1453 1726 1507 cessat:
1763 1453 1989 1505 natura
2042 1439 2356 1528 siquidem

309 1547 451 1611 salis
490 1561 622 1621 est,
662 1560 735 1610 ut
766 1548 1088 1611 interimat
1119 1569 1369 1611 vermes
1390 1594 1407 1618 ,
1438 1558 1504 1611 ct
1533 1547 1825 1608 foetorem
1859 1547 2041 1609 tollat
2069 1568 2086 1608 z
2130 1547 2358 1611 eodem

312 1670 566 1735 quoque
599 1651 790 1711 modo
824 1648 1028 1712 omnis
1059 1648 1302 1722 anima,
1349 1668 1477 1711 non
1520 1647 1773 1712 condita
1818 1647 2058 1735 Spiritu
2102 1661 2354 1725 sancto,

309 1752 708 1838 coelestisqne
754 1752 930 1825 salia,
978 1752 1103 1816 hoc
1148 1763 1283 1825 est,
1324 1750 1626 1839 potentiae
1677 1750 1795 1815 Dei
1843 1750 2163 1839 particeps
2225 1775 2353 1817 non

304 1857 509 1929 sacta,
547 1856 882 1945 putredine
922 1857 1203 1932 vitiatur,
1252 1879 1324 1922 ac
1365 1856 1592 1922 soetore
1635 1877 1975 1945 pravarum
2025 1857 2354 1946 cogitatio-

308 1982 459 2025 num
486 1962 741 2050 copioso
773 1965 1078 2051 repletur,
1116 1964 1274 2027 adeo
1302 1974 1371 2028 ut
1400 1973 1720 2028 avertatur
1747 1962 1940 2027 facies
1971 1962 2089 2031 Dei
2123 1986 2157 2027 a
2180 1964 2353 2049 gravi

304 2064 530 2131 scetere
567 2089 870 2133 vanarum
902 2091 973 2133 ac
1006 2067 1494 2135 tenebrosarum
1524 2066 2017 2156 cogitationum,
2057 2081 2123 2133 et
2153 2066 2353 2135 affec-

307 2171 555 2236 tionum
585 2172 790 2238 eidem
824 2172 1050 2238 animae
1078 2173 1545 2239 inhaerentium.
1573 2173 1651 2238 Et
1673 2173 1841 2238 noxii
1866 2186 2058 2261 atque
2074 2174 2352 2263 improbi

304 2296 590 2351 vermes,
623 2279 732 2363 qui
766 2292 913 2344 suut
947 2280 1220 2367 Spiritus
1250 2280 1539 2356 malitiae,
1584 2293 1650 2346 et
1678 2293 2025 2370 potestates
2051 2281 2353 2347 tenebra-

308 2403 454 2446 rum
490 2382 555 2447 in
587 2403 660 2445 ea
692 2383 1117 2458 inambulant,
1153 2383 1280 2449 illic
1312 2398 1692 2472 pascuntur,
1733 2387 2113 2455 delitescunt
2151 2400 2216 2454 et
2255 2410 2351 2454 re-

307 2501 505 2578 punt,
560 2502 747 2574 atque
790 2511 932 2552 eam
986 2490 1291 2553 devorant
1341 2501 1405 2553 et
1457 2502 1925 2574 corrumpunt:
1973 2518 1999 2550 «
2031 2494 2351 2562 Foetorem

309 2594 524 2660 »enim
561 2593 1003 2680 praebuerunt,
1039 2605 1103 2657 et
1133 2605 1519 2682 putruerunt
1556 2591 1792 2660 vibices
1825 2593 2012 2660 mei'.
2045 2621 2070 2654 ι
2103 2593 2170 2660 Si
2203 2618 2352 2664 vero

308 2704 388 2767 ad
418 2703 624 2768 Deum
663 2699 1020 2788 confugiat,
1075 2701 1295 2766 credat
1332 2711 1396 2765 et
1440 2713 1617 2789 petat
1666 2701 1860 2766 salem
1894 2701 2071 2777 vitm,
2109 2702 2352 2768 bonum

307 2828 400 2871 ac.
412 2805 769 2871 humanum
792 2804 1097 2892 Spiritum
1123 2855 1139 2879 ,
1179 2818 1315 2871 tum
1341 2806 1602 2872 veniens
1632 2807 1723 2873 sal
1752 2807 2008 2872 coeleste
2048 2806 2354 2874 interimit

308 2923 501 2978 tetros
549 2913 689 2977 illos
733 2933 1014 2987 vermes,
1048 2923 1111 2976 et
1144 2912 1393 2977 sublato
1428 2913 1711 3001 ,pessimo
1747 2912 2008 2988 soetore,
2043 2913 2352 3001 extinguit

309 3017 793 3102 graveolentiam
827 3015 1059 3081 virtute
1094 3016 1392 3106 potentiae
1426 3017 1571 3083 salis
1599 3040 1613 3083 ε
1651 3028 1717 3082 et
1745 3018 1835 3082 sic
1868 3018 1972 3083 illa
2013 3016 2351 3084 incolumis

308 3134 376 3187 et
417 3122 600 3188 illaesa
645 3123 870 3189 ess'ecta
914 3147 1029 3212 per
1066 3131 1285 3188 verum
1326 3123 1451 3197 sal,
1502 3121 1566 3187 in
1612 3144 1798 3187 usum
1830 3134 1895 3187 et
1926 3121 2348 3191 ministerium

308 3225 579 3291 coelestis
608 3227 862 3291 Domini
893 3227 1243 3293 ordinatur.
1281 3226 1620 3315 Propterea
1645 3227 1835 3293 etiam
1867 3227 1934 3293 in
1957 3229 2118 3316 lege,
2143 3251 2353 3295 exem-

301 3334 412 3423 plo
444 3344 627 3396 utens
651 3332 854 3407 Deus,
888 3332 1073 3419 jussit
1095 3356 1317 3398 omnes
1353 3331 1640 3398 victimas
1671 3334 1801 3398 sale
1829 3331 2063 3399 saliri'.

394 3435 497 3502 vl.
554 3434 823 3523 Oportet
855 3437 1044 3524 igitur
1074 3438 1349 3524 primum
1385 3437 1711 3503 victimam
1756 3434 2021 3500 mactari
2063 3457 2096 3500 a
2147 3457 2351 3502 sacer-

304 3543 453 3607 dote
473 3590 491 3615 ,
535 3553 601 3605 et
643 3541 805 3605 mori
826 3589 844 3616 ‚
881 3555 945 3607 et
979 3554 1130 3606 tunc
1163 3541 1499 3607 dissectam
1526 3544 1656 3607 sale
1686 3541 1974 3616 condiri,
2002 3540 2232 3607 deinde
2262 3543 2351 3609 sic

306 3642 433 3729 igni
454 3646 715 3736 imponi.
752 3645 883 3713 Nisi
902 3646 1073 3712 enim
1098 3647 1273 3736 prius
1304 3658 1541 3711 mactet
1562 3658 1625 3711 et
1658 3647 1910 3712 occidat
1933 3668 2117 3712 ovem
2150 3669 2352 3713 sacer-

313 3747 459 3821 dos,
498 3774 624 3830 non
674 3752 918 3828 salitur,
962 3775 1167 3841 neque
1194 3753 1272 3818 ad
1305 3751 1746 3817 holocaustum
1778 3751 2054 3817 Domino
2087 3753 2347 3817 adduci-

311 3863 462 3916 tur:
501 3855 589 3917 sic
630 3873 692 3924 et
730 3873 1014 3925 nostram
1054 3858 1328 3923 animam
1364 3857 1815 3932 accedentem,
1862 3878 2014 3922 vero
2057 3853 2353 3924 Pontifici

381 4001 397 4027 ⁸
429 3988 554 4040 Psal-
576 4005 765 4054 xxxwt,
785 3995 837 4046 6.
858 4022 916 4035 -
946 4011 966 4036 ⁸
998 3995 1157 4048 Levit.
1179 4012 1239 4057 ιι,
1265 4013 1311 4057 s,
1342 3992 1417 4048 ιδ.
2077 4047 2086 4056 ,

529 4093 740 4141 ιιινιιι.
2088 4083 2129 4138 2
