2982 4885
955 449 1138 536 mann
1183 494 1264 539 nn
1309 470 2338 561 3313331311ὼόρὸ

300 613 455 679 decb
501 612 835 677 sacerdote
882 622 1075 697 atque
1116 609 1312 697 rege¹
1348 609 1515 696 ,qui
1562 619 1699 673 erat
1733 607 1797 671 in
1832 607 2043 676 Salem
2087 609 2341 719 civitate

303 732 450 785 tune
478 717 776 805 temporis
820 716 903 780 ita
938 715 1265 780 nominata
1298 715 1415 779 sub
1463 712 1787 779 Abraham
1824 700 2247 783 beatissimo}
2254 740 2341 779 3-

304 821 610 896 triarcha,
648 821 727 885 de
764 841 888 905 quo
933 819 1019 884 ait
1049 817 1423 908 Scriptura:
1472 845 1498 878 ι
1532 817 1683 882 Sine
1718 829 1932 905 patre,
1972 818 2106 884 sine
2137 833 2341 885 matre

305 927 534 991 »fuisse
567 925 852 1012 genitum
884 922 1072 988 eum²
1097 972 1116 998 ,
1145 953 1170 983 n
1212 946 1359 988 cum
1393 923 1620 987 sithoc
1654 921 2046 986 contrarium
2074 921 2160 987 ita
2192 925 2343 989 sen-

307 1032 443 1097 tire.
485 1030 811 1116 Scriptura
845 1029 1015 1093 enim
1053 1051 1180 1093 non
1204 1029 1284 1093 de
1314 1026 1552 1092 carnali
1587 1049 1737 1091 eum
1768 1027 2174 1114 generatione
2204 1030 2343 1095 edi-

309 1149 442 1202 tum
460 1159 595 1201 esse
619 1133 889 1223 negavit,
919 1135 1030 1198 sed
1052 1136 1130 1197 de
1151 1131 1334 1219 justis
1349 1153 1498 1195 eum
1526 1153 1652 1195 non
1672 1131 1955 1219 genitum
1975 1132 2347 1220 parentibus

311 1239 682 1314 declaravit,
721 1238 831 1325 qui
875 1236 1147 1301 naturali
1195 1236 1404 1299 studio
1429 1284 1446 1309 ,
1498 1237 1579 1300 de
1616 1236 1913 1301 mandato
1961 1237 2226 1325 pristino
2269 1239 2351 1303 ad

310 1358 549 1411 tantam
582 1342 815 1408 Christi
842 1340 1175 1427 pervenire
1206 1340 1442 1405 meruit
1479 1340 1812 1406 scientiam
1835 1389 1854 1415 ,
1888 1350 1959 1403 ut
1994 1362 2134 1426 quae
2168 1366 2199 1405 a
2231 1366 2348 1430 pa-

307 1448 591 1513 rentibus
624 1445 753 1508 suis
793 1466 921 1508 non
957 1444 1241 1507 audierat
1263 1494 1280 1519 ,
1313 1444 1574 1534 proprio
1612 1456 1827 1509 tamen
1870 1443 2080 1508 studio
2112 1446 2356 1533 majora

313 1548 545 1614 Christi
565 1546 864 1634 mysteria
883 1571 998 1635 per
1029 1551 1399 1613 mandatum
1430 1560 1798 1637 agnosceret
1820 1546 2175 1624 offerenda,
2203 1572 2355 1615 cum

314 1655 481 1720 dicat
503 1652 814 1717 Dominus
838 1676 952 1740 per
981 1653 1328 1741 Prophetas
1361 1677 1376 1717 :
1428 1680 1454 1714 α
1486 1655 1657 1719 Ecce
1688 1676 1805 1743 ego
1824 1652 1998 1718 'facio
2031 1677 2192 1720 nova
2216 1654 2236 1688 ⁸
2272 1679 2288 1719 ε
2314 1683 2342 1716 ι

313 1760 422 1834 Et,
467 1785 493 1817 α
523 1757 703 1824 Prius
725 1780 917 1845 quam
951 1758 1206 1825 veniant
1227 1808 1243 1832 ,
1274 1760 1644 1825 annuntiata
1686 1770 1833 1824 sunt
1864 1758 2045 1823 vobis
2076 1757 2124 1825 ⁴.
2163 1786 2189 1820 ι
2243 1761 2355 1836 Et,

329 1891 355 1924 ι
384 1863 592 1929 Nolite
631 1863 994 1928 meminisse
1030 1862 1349 1952 praeterita
1378 1864 1398 1897 ⁵
1424 1914 1442 1940 ,
1475 1892 1501 1925 n
1546 1886 1687 1951 quae
1732 1862 1794 1927 in
1838 1865 1976 1950 lege
2019 1863 2359 1931 carnaliter

315 1971 481 2035 dicta
524 1982 687 2035 sunt.
742 1971 824 2036 Et
863 1970 1150 2036 Salvator
1195 1970 1326 2036 ait:
1371 1995 1396 2028 ι
1440 1970 1635 2048 Quod
1672 1968 1956 2034 nascitur
2004 1971 2082 2035 de
2119 1994 2353 2049 carne,

315 2103 340 2136 n
359 2097 504 2140 caro
536 2088 657 2153 est,
685 2087 749 2139 et
773 2075 944 2161 quod
973 2074 1254 2139 nascitur
1285 2073 1363 2138 de
1388 2072 1653 2162 Spiritu,
1689 2071 1956 2160 Spiritus
1978 2089 2074 2140 est
2096 2074 2142 2141 ⁸.
2185 2104 2211 2138 ι
2259 2078 2356 2144 De
2448 2136 2458 2145 .

316 2178 439 2242 hoc
452 2180 623 2241 enim
656 2199 806 2239 cum
825 2178 979 2239 dicit
1010 2199 1024 2238 ε
1049 2204 1074 2234 α
1100 2177 1248 2238 Sine
1267 2189 1472 2262 patre,
1494 2177 1630 2239 sine
1652 2187 1857 2239 matre
1884 2178 2153 2253 editum,
2175 2209 2200 2239 ι»
2220 2183 2355 2248 siae

318 2279 656 2346 traditione
690 2280 880 2363 atque
911 2276 1195 2341 doctrina
1229 2288 1566 2364 parentum
1616 2299 1765 2341 eum
1794 2277 1987 2343 fuisse
2024 2280 2358 2367 inquisito-

319 2409 453 2452 rem
493 2383 820 2474 Scriptura
858 2382 1210 2457 nuntiavit,
1257 2392 1611 2470 naturaque
1643 2392 1967 2470 potentem
2006 2386 2088 2450 ad
2121 2410 2352 2476 panem

321 2491 592 2558 coelestis
627 2487 970 2577 sapientiae,
1007 2487 1073 2551 id
1101 2499 1228 2562 est,
1259 2487 1493 2552 Christi
1521 2488 1805 2575 mysterii
1838 2512 1953 2577 per
1981 2493 2355 2561 mandatum

324 2595 664 2663 declaravit
687 2596 1100 2680 ,advertentes
1129 2615 1145 2657 τ
1194 2596 1366 2679 quod
1400 2592 1605 2659 sciens
1646 2592 1983 2681 Apostolus
2007 2646 2026 2672 ,
2061 2608 2358 2666 naturam

323 2701 658 2768 hominum
682 2698 954 2764 coelestis
979 2697 1255 2763 scientiae
1280 2720 1351 2763 ac
1374 2699 1626 2788 pietatis
1646 2722 1784 2766 esse
1814 2722 2114 2790 capacem
2136 2704 2202 2770 in
2226 2729 2360 2772 om-

323 2805 536 2881 nibus,
563 2803 950 2892 praedicabat
980 2802 1101 2867 ita:
1134 2801 1340 2868 «Cum
1370 2803 1542 2869 enim
1573 2816 1792 2892 gentes
1819 2827 1959 2892 quae
1989 2809 2194 2896 legem
2227 2833 2356 2879 non

319 2936 344 2971 ι
364 2910 604 2975 hahent
625 2958 644 2984 ,
672 2909 1042 2974 naturaliter
1066 2932 1136 2975 ea
1169 2933 1309 2998 quae
1337 2910 1493 2999 legis
1531 2922 1680 2977 sunt
1702 2910 1978 2987 faciunt,
2018 2913 2121 2979 isti
2151 2917 2359 3006 legem

317 3042 344 3076 ι
363 3037 489 3080 non
511 3014 844 3090 habentes,
871 3014 992 3103 ipsi
1022 3015 1142 3079 sibi
1180 3028 1328 3080 sunt
1350 3018 1474 3091 lex,
1504 3016 1613 3103 qui
1636 3018 1981 3082 ostendunt
2012 3039 2172 3106 opus
2200 3021 2354 3110 legis

320 3120 667 3207 »scriptum
698 3120 764 3184 in
789 3120 1091 3185 cordibus
1115 3120 1269 3195 suis,
1314 3131 1377 3184 et
1408 3130 1635 3184 caetera
1666 3118 1716 3184 ¹.
1751 3146 1776 3179 n
1820 3120 2012 3199 Quod
2039 3123 2231 3187 etiam
2264 3126 2351 3190 ait

320 3222 631 3287 Dominus
650 3225 836 3286 Petro
875 3248 941 3287 ιι
963 3226 1135 3305 Quia
1160 3249 1308 3293 caro
1337 3236 1403 3291 et
1434 3225 1685 3312 sanguis
1713 3245 1842 3287 non
1872 3225 1963 3288 illi
1991 3229 2351 3307 revelasset,

320 3354 348 3389 ι
367 3328 479 3391 sed
507 3324 692 3389 Pater
723 3326 829 3410 qui
854 3326 921 3387 in
951 3330 1124 3391 coelis
1159 3343 1252 3393 ost
1275 3331 1298 3364 ²
1331 3354 1347 3395 ε
1378 3358 1404 3392 »
1443 3328 1639 3395 fidem
1671 3328 1908 3420 quippe
1936 3329 2189 3398 Domini
2209 3333 2350 3400 Sal-

320 3431 554 3498 vatoris
583 3429 938 3495 ostendens.
977 3429 1259 3515 Ideoque
1291 3445 1353 3495 et
1386 3435 1520 3522 ipse
1553 3436 1787 3501 iterum
1823 3435 2133 3504 Dominus
2160 3462 2177 3504 τ
2230 3468 2254 3502 α
2283 3441 2355 3509 Si

323 3564 350 3598 s
368 3537 508 3626 quis
546 3557 674 3600 non
703 3545 959 3599 renatus
981 3531 1170 3598 fuerit
1199 3557 1277 3598 ex
1298 3557 1459 3623 aqua
1486 3549 1550 3601 et
1582 3538 1855 3622 Spiritu,
1887 3563 2015 3608 non
2049 3542 2350 3627 intrabit,

321 3641 598 3729 »inquit,
626 3638 690 3703 in
718 3660 984 3725 regnum
1015 3637 1318 3704 coelorum
1342 3638 1388 3705 ⁸.
1430 3667 1455 3702 ι
1487 3639 1568 3705 Et
1589 3640 1818 3710 iterum
1841 3643 1909 3710 in
1944 3649 2082 3736 lege
2110 3669 2126 3712 ε
2165 3676 2192 3711 «
2225 3652 2353 3733 Qui

393 3810 569 3860 ¹.Gen
599 3765 808 3870 xiv,18.
829 3833 894 3845 -
919 3805 1130 3872 ·.Ηεὶιι·
1157 3823 1262 3870 vn,
1286 3807 1338 3858 3.
1360 3811 1473 3850 -3
1506 3809 2167 3880 1u1.11‚=11,19.-⁴1d
2178 3835 2355 3877 ιινιιι.

326 3892 449 3954 5,6.
468 3893 575 3928 -Ι
606 3887 684 3939 Id.
712 3902 850 3947 sun.
880 3887 957 3938 18.
976 3889 1258 3941 —⁰Joan.
1284 3890 1436 3950 ιιι,6.
1461 3892 1732 3945 -7Ῑὶοιιι.
1750 3910 1810 3955 ιι,
1834 3895 1913 3957 14,
1938 3896 2014 3948 ι5
2037 3899 2353 3952 -·Mauh.
2414 3899 2417 3904 ”

356 3989 428 4032 vn.
459 3988 536 4038 ¹7·
556 3996 617 4010 -
643 3970 836 4021 olona.
857 3984 939 4029 ιιι,
962 3971 1037 4021 15.
1411 3987 1416 3993 ·

544 4073 754 4121 nvm-
1626 4089 1639 4098 -
1827 4095 1831 4099 -
2051 4059 2134 4125 38
