2982 4885
667 486 796 565 2'68
1338 511 1386 552 s.
1441 503 1705 552 naman
1752 498 2020 560 aurant

662 634 980 725 lampades
1019 630 1309 696 ardentes
1336 651 1355 701 ς
1391 635 1641 692 cunctae
1668 642 1821 689 vero
1853 615 2176 705 lampades
2205 622 2272 677 et
2306 612 2588 676 lucernae
2617 607 2693 671 ab

662 762 784 806 una
826 749 1047 802 natura
1088 733 1527 799 accenduntur
1551 739 1618 793 et
1645 725 2027 815 splendent:
2066 719 2157 783 sic
2193 736 2448 803 quoque
2480 712 2694 778 Chris-

663 843 814 909 tiani
848 844 926 908 ab
949 863 1076 906 uua
1106 851 1330 904 natura
1363 834 1804 900 accenduntur
1831 840 1897 894 et
1926 829 2171 895 lucent,
2207 821 2367 910 ignis
2396 818 2695 884 nimirum

662 946 882 1021 divini,
922 944 1063 1010 Filii
1090 941 1206 1008 Dei
1235 964 1251 1005 t
1280 953 1345 1006 et
1368 940 1610 1005 habent
1638 935 1964 1024 lampades
1987 928 2283 995 ardentes
2310 925 2372 989 in
2398 922 2698 989 cordibus

664 1054 819 1127 suis,
859 1053 1203 1137 luceatque
1234 1047 1301 1113 in
1334 1054 1685 1134 conspectu
1716 1040 1857 1130 ejus
1878 1088 1895 1115 ,
1922 1038 2023 1103 vel
2053 1034 2262 1100 adhuc
2297 1031 2360 1095 in
2389 1041 2553 1094 terra
2582 1029 2701 1093 de·

667 1169 885 1245 gentes
908 1204 923 1229 .
958 1155 1122 1220 sicut
1157 1165 1222 1219 et
1258 1152 1412 1241 ipse.
1453 1148 1669 1237 Inquit
1706 1146 1921 1212 enim:
1969 1167 1997 1202 ι
2024 1141 2365 1226 Propterea
2396 1129 2571 1197 unxit
2602 1143 2699 1203 ῑθ.

667 1262 917 1335 »Deus,
947 1261 1118 1326 Deus
1154 1270 1302 1324 tuus
1344 1257 1485 1321 oleo
1517 1253 1745 1320 laetitiae
1775 1250 1824 1317 ¹.
1864 1275 1890 1309 ι
1936 1244 2187 1311 Idcirco
2227 1238 2573 1328 appellatus
2607 1244 2704 1298 est

668 1367 979 1443 Christus,
1009 1379 1082 1432 ut
1101 1388 1179 1432 eo
1208 1365 1344 1454 ipso
1375 1364 1540 1436 oleo,
1569 1382 1697 1448 quo
1721 1358 1855 1447 ipse
1878 1366 1977 1422 est
2005 1363 2270 1423 unctus,
2303 1368 2417 1413 nos
2450 1362 2706 1430 quoque

669 1472 850 1538 uncti
882 1471 1108 1537 fiamus
1146 1468 1406 1545 Christi,
1438 1465 1729 1553 ejusdem
1753 1513 1770 1539 ,
1805 1474 1873 1528 ut
1910 1459 1996 1529 ita
2021 1457 2230 1523 dicam
2255 1503 2272 1529 ,
2307 1446 2704 1519 substantiae,

673 1587 740 1644 et
770 1577 957 1643 unius
981 1575 1282 1667 corporis.
1320 1573 1536 1663 Inquit
1557 1591 1851 1637 rursum:
1895 1592 1921 1626 ι
1946 1563 2074 1644 Qui
2099 1556 2481 1631 sanctificat,
2511 1564 2575 1619 et
2600 1549 2709 1638 qui

676 1712 703 1747 ι
723 1684 1202 1751 sanctificantur
1224 1703 1303 1747 ex
1330 1703 1459 1745 uno
1488 1701 1711 1743 omnes
1743 1676 1790 1739 ¹.
1828 1700 1855 1734 ο

766 1789 840 1851 Ιῐ.
894 1785 1143 1849 Similes
1176 1783 1365 1868 igitur
1392 1793 1542 1844 sunt
1577 1773 1918 1842 Christiani
1949 1779 2029 1836 ex
2061 1770 2266 1854 aliqua
2292 1778 2473 1854 parte
2501 1766 2717 1830 lucer-

679 1888 773 1954 nis
817 1885 1200 1950 habentibus
1233 1885 1444 1945 oleum
1484 1881 1548 1944 in
1590 1902 1693 1954 se,
1733 1876 1860 1942 hoc
1891 1885 2010 1948 est,
2039 1873 2284 1936 fructus
2316 1867 2581 1954 justitiae
2609 1913 2629 1940 ,
2659 1876 2720 1929 et

676 1989 796 2055 nisi
821 1987 1207 2051 accendatur
1237 1987 1497 2050 lucerna
1518 1984 1584 2049 in
1613 1984 1705 2049 eis
1730 2005 1763 2047 a
1785 1983 2044 2047 lucerna
2072 1975 2278 2042 divina
2298 2021 2316 2048 ,
2351 1970 2514 2036 nihil
2547 1981 2707 2033 sunt.
2745 1975 2755 1981 ’

677 2090 988 2159 Dominus
1009 2104 1145 2157 erat
1173 2094 1434 2157 lucerna
1466 2092 1718 2166 ardens,
1738 2098 2001 2177 propter
2022 2082 2333 2172 Spiritum
2358 2075 2718 2144 Divinitatis

675 2205 1038 2262 manentem
1074 2196 1573 2262 substantialiter
1593 2195 1658 2260 in
1683 2195 1843 2283 ipso,
1872 2202 1938 2256 et
1957 2189 2415 2255 accendentem
2446 2182 2582 2270 ejus
2607 2202 2718 2246 cor

676 2307 794 2389 pro
819 2300 1093 2365 humana
1131 2312 1375 2366 natura.
1405 2298 1678 2380 Perinde
1708 2318 1859 2362 vero
1893 2316 1965 2359 ac
1995 2293 2047 2358 si
2077 2292 2158 2357 sit
2188 2288 2576 2376 marsupium
2603 2307 2712 2373 pu-

678 2405 885 2472 tidum
905 2454 923 2480 ,
955 2408 1215 2492 plenum
1253 2403 1609 2492 margaritis
1637 2425 1653 2467 t
1686 2400 1775 2467 sic
1807 2419 2061 2488 quoque
2095 2393 2471 2467 Christiani,
2500 2390 2712 2479 'quoad

676 2524 1016 2579 externum
1048 2509 1408 2585 hominem,
1448 2508 1721 2574 humiles
1745 2505 1988 2570 debent
2016 2525 2189 2576 esse,
2224 2513 2291 2566 et
2331 2499 2467 2565 vilis
2496 2495 2713 2563 condi-

686 2616 908 2691 tionis,
946 2614 1125 2680 iutus‘
1154 2636 1304 2680 vero
1344 2614 1409 2677 in
1442 2612 1728 2678 interiori
1763 2610 2021 2676 homine
2060 2607 2351 2673 obtinent
2385 2603 2714 2694 pretiosam

686 2720 1111 2808 margaritam.
1138 2715 1441 2783 Nonnulli
1455 2738 1606 2781 vero
1630 2713 2111 2803 suntsepulcris
2136 2711 2441 2778 dealbatis
2463 2706 2711 2777 similes,

678 2825 961 2891 exterius
1006 2822 1264 2922 quidem
1307 2820 1545 2908 depicti
1589 2833 1655 2885 et
1688 2821 1872 2884 valde
1909 2817 2222 2909 splendidi
2246 2816 2268 2850 ²
2304 2841 2321 2889 ;
2363 2815 2532 2879 intus
2574 2830 2718 2876 vero

692 2929 860 3017 pleni
884 2926 1117 2989 ossium
1149 2937 1584 2999 mortuorum,
1617 2924 1854 2989 soetoris
1886 2924 2107 2997 multi,
2141 2935 2204 2987 et
2233 2918 2564 3007 spirituum
2599 2914 2723 2977 im-

693 3033 1112 3104 mundorum3
1152 3030 1387 3094 mortui
1421 3042 1569 3095 sunt
1600 3053 1634 3096 a
1665 3032 1837 3096 Deo:
1875 3042 2066 3117 atque
2095 3025 2263 3094 omni
2287 3017 2678 3111 turpitudine
2701 3065 2722 3092 ,

660 3133 987 3200 ··sordibus
1022 3145 1087 3198 et
1110 3133 1387 3199 tenebris
1414 3135 1750 3200 adversarii
1773 3134 1997 3200 induti.

784 3238 895 3304 111.
949 3238 1294 3327 Apostolus
1328 3239 1414 3303 ait
1444 3261 1469 3333 :-
1506 3258 1531 3298 ι
1560 3239 1759 3314 Puer,
1794 3238 2076 3326 quandin
2107 3228 2403 3325 parv‘ulus
2437 3241 2571 3306 est,
2609 3226 2726 3292 sub

697 3373 724 3407 ι
744 3342 1062 3410 tutoribus
1090 3342 1613 3409 et—curatoribus⁴
1647 3370 1674 3404 ι
1701 3344 2035 3433 spirituum
2068 3330 2724 3420 immundorum‘agib

697 3451 807 3538 qui
852 3449 1107 3536 spiritus
1155 3448 1383 3513 nolunt
1429 3471 2064 3538 puerumcrescere,
2105 3469 2219 3521 ne,
2265 3443 2375 3508 ubi
2420 3443 2483 3505 in
2527 3439 2732 3503 virum

698 3554 1054 3646 perfectum
1091 3554 1390 3631 evaserit,
1447 3555 1707 3647 incipiat
1747 3577 2070 3643 quaerere,
2119 3572 2257 3639 quae
2300 3548 2381 3612 ad
2427 3541 2733 3609 familiam

699 3661 1053 3752 pertinent,
1094 3671 1159 3725 et
1184 3660 1506 3728 vindicare
1545 3661 1917 3726 dominium.
1960 3656 2356 3725 Christianus
2399 3649 2577 3714 nullo
2606 3666 2735 3715 non

704 3779 990 3855 tempore
1016 3765 1204 3831 debet
1226 3756 1600 3833 memoriam
1622 3765 1740 3832 Dei
1764 3761 2021 3831 habere,
2049 3763 2376 3850 Scriptum
2406 3753 2579 3821 enim
2600 3761 2731 3815 est:

772 3910 785 3936 ⁸
826 3900 949 3952 Psal.
980 3917 1104 3959 κων,
1129 3902 1176 3952 8.
1216 3930 1272 3943 --
1302 3918 1321 3941 ⁸
1352 3898 1517 3952 Eebr.
1561 3918 1617 3958 n,
1664 3918 1738 3951 ιι.
1774 3929 1834 3941 —-
1873 3904 1895 3938 ⁵
1935 3900 2115 3951 Matth.
2152 3862 2302 3952 xxiii,
2343 3909 2420 3960 ²7·
2446 3917 2509 3929 —
2534 3891 2555 3931 ⁴
2579 3883 2743 3937 Galat·

707 3996 789 4045 iv,
830 3997 875 4032 ι.
