2982 4885
709 454 839 524 352
1400 471 1451 521 ι.
1500 428 1772 523 inicam
1817 470 2086 521 narr-m

710 595 829 670 sit,
877 589 1154 681 agitante
1198 586 1475 659 animam
1502 641 1521 668 ,
1571 606 1637 661 et
1672 607 1746 659 ut
1785 593 2063 679 triticum
2109 590 2174 657 in
2218 588 2432 659 cribro
2459 638 2478 667 ,
2513 611 2764 660 sursum

709 701 1007 763 deorsum
1051 695 1352 782 jactante.
1418 696 1595 775 Quid
1635 700 1805 786 quod
1842 710 1907 762 et
1949 697 2122 761 Deus
2159 696 2291 782 ipsc
2336 694 2762 783 obsequentes

708 800 1140 869 voluntatibus
1174 799 1408 865 diaboli
1434 825 1551 890 per
1584 826 1720 867 sese
1756 800 2081 876 concutit,
2116 801 2569 866 demonstrans
2601 801 2761 890 ipsos

709 904 1047 994 imaginem
1080 897 1404 995 pravitatis
1427 906 1609 973 Caini
1641 928 2016 972 conservare
2033 932 2051 981 ς
2088 933 2112 965 ι
2137 904 2297 982 Vos,
2323 906 2526 993 inquit
2548 955 2566 981 ,
2597 906 2742 971 desi·

693 1037 720 1072 ι
742 1011 912 1074 deria
943 1009 1141 1099 patris
1177 1009 1365 1075 vestri
1403 996 1594 1093 vultis
1631 1011 1845 1078 facere
1875 1008 2255 1085 homicidae3
2289 1011 2394 1076 ille
2424 1010 2595 1077 enim
2632 1011 2762 1078 ho-

708 1143 734 1176 »
754 1114 986 1181 micitia
1013 1127 1150 1179 erat
1182 1114 1260 1179 ab
1292 1114 1472 1189 initio
1504 1129 1569 1182 et
1603 1118 1667 1183 in
1691 1117 1959 1184 veritate
1992 1139 2124 1181 non
2152 1116 2376 1187 stetit¹.
2416 1143 2446 1176 υ

796 1221 977 1287 XXI.
1033 1220 1453 1287 Considerate
1494 1224 1828 1298 convenit,
1868 1234 2180 1310 quantum
2205 1233 2491 1309 aspectus
2518 1221 2764 1287 terreni

709 1327 874 1415 regis
907 1326 1288 1402 desiderari,
1322 1341 1387 1392 et
1413 1350 1606 1416 quam
1644 1329 1891 1394 ardenti
1922 1326 2250 1417 procurari
2279 1324 2483 1390 studio
2522 1326 2603 1389 ab
2630 1325 2764 1390 ho-

708 1432 987 1497 minibus
1018 1433 1215 1499 soleat
1248 1456 1263 1497 ε
1292 1447 1356 1498 et
1384 1435 1668 1525 quisquis
1694 1434 1757 1500 in
1791 1435 2017 1500 urbem
2053 1432 2334 1505 advenit,
2366 1430 2477 1494 ubi
2505 1453 2625 1495 rex
2655 1433 2756 1496 de—

708 1535 799 1624 git
821 1586 836 1610 .
865 1536 926 1600 in
956 1559 1033 1602 eo
1066 1536 1677 1627 flagranti-versatur
1709 1553 1893 1615 voto,
1929 1550 2000 1602 ut
2032 1540 2132 1602 vel
2163 1538 2366 1601 solum
2399 1533 2749 1622 pretiosum

645 1696 654 1703 .
699 1642 1239 1731 'splendiqumque
1267 1645 1483 1734 palatii
1509 1646 1819 1709 ambitum
1844 1644 2053 1707 videat
2065 1667 2083 1716 3
2115 1641 2233 1704 nisi
2257 1640 2422 1704 sorte
2446 1639 2744 1728 quispiam

709 1769 789 1812 ex
821 1747 895 1812 iis
942 1748 1056 1822 sit,
1106 1749 1214 1835 qui
1246 1761 1463 1815 sancto
1495 1772 1563 1812 se
1582 1748 1904 1835 dediderit
1933 1744 2236 1832 Spiritui,
2279 1744 2390 1830 qui
2425 1744 2560 1810 haec
2590 1745 2743 1809 insu-

709 1874 825 1940 per
860 1850 1090 1937 habeat
1122 1898 1139 1923 ‚
1181 1872 1252 1913 ac
1297 1862 1713 1937 aspernetur3
1754 1849 1870 1943 alia
1922 1848 2399 1937 pulchritudine
2449 1848 2685 1914 saucius
2714 1899 2735 1927 ,

708 1954 989 2042 aliusque
1029 1953 1243 2040 gloriae
1277 1954 1566 2041 cupidus.
1616 1953 1682 2019 Si
1713 1976 1867 2043 ergo
1907 1953 2083 2019 carni
2116 1953 2346 2019 deditis
2388 1954 2741 2020 hominibus

708 2058 864 2121 adeo
903 2056 1257 2143 expetibilis
1288 2070 1605 2136 censetur,
1652 2072 1906 2148 tamque
1932 2060 2110 2129 avido
2143 2071 2433 2148 captatur
2466 2060 2743 2125 intuendi

704 2160 866 2249 regis
905 2161 1188 2227 mortalis
1222 2162 1445 2253 copia3
1484 2168 1811 2252 quomodo
1851 2188 1977 2231 non
2015 2165 2598 2254 incomparabiliter
2627 2187 2740 2253 op-

641 2324 646 2331 .
705 2267 894 2347 tanda
931 2254 1131 2356 magis
1173 2267 1328 2334 visio
1350 2268 1543 2335 suerit
1581 2270 1958 2335 immortalis
1991 2271 2154 2359 regis
2179 2321 2196 2346 ‚
2233 2272 2306 2336 iis
2337 2294 2486 2336 sane
2519 2268 2739 2358 quibus

706 2373 950 2461 guttula
1000 2372 1224 2439 saltem
1281 2372 1564 2464 inspersa
1625 2377 1917 2465 quaedam
1971 2377 2246 2467 Spiritus
2295 2376 2489 2451 boni,
2534 2372 2740 2440 divino

710 2501 927 2544 amore
961 2495 1077 2544 cor
1102 2479 1570 2564 vulneraverit?
1594 2483 1999 2574 Quapropter
2020 2485 2119 2549 isti
2146 2484 2315 2550 omni
2338 2482 2554 2547 mundi
2576 2481 2705 2548 ami
2722 2521 2747 2532 -

710 2581 855 2646 citia
900 2606 967 2648 se
997 2583 1163 2673 ipsos
1195 2588 1534 2672 exolvunt,
1572 2602 1642 2653 ut
1683 2589 1923 2679 possint
1953 2611 2330 2679 propensum
2364 2586 2530 2651 hunc
2575 2606 2745 2649 sem-

705 2708 821 2773 per
855 2688 919 2753 in
955 2693 1151 2754 corde
1193 2688 1433 2757 babere
1461 2715 1743 2760 amorem
1772 2744 1790 2770 ,
1836 2708 1901 2760 et
1933 2719 2049 2785 pro
2096 2697 2202 2761 illo
2241 2693 2483 2759 nullum
2518 2689 2732 2774 alium.

704 2785 834 2857 Sed
876 2791 940 2855 hi
976 2793 1158 2857 valde
1195 2793 1382 2881 pauci
1420 2811 1566 2866 sunt
1605 2823 1621 2865 ε
1665 2801 1770 2888 qui
1805 2800 2059 2888 quidem
2095 2802 2260 2866 bono
2297 2796 2603 2888 principio
2633 2817 2740 2884 pa-

698 2913 836 2958 rem
883 2892 1074 2959 linem
1121 2896 1503 2987 adjungant,
1558 2917 1625 2969 et
1667 2928 1863 2992 usque
1913 2907 1993 2971 ad
2033 2919 2381 2971 extremum
2431 2900 2739 2967 inoffense

702 3012 1128 3086 perseverent.
1180 3002 1364 3074 Multi
1387 3023 1968 3098 ‚compunguntur3
2003 3010 2180 3075 multi
2216 3005 2428 3095 gratim
2461 3005 2732 3071 coelestis

701 3101 865 3167 fiunt
896 3106 1232 3197 participes
1253 3159 1271 3185 ,
1308 3124 1380 3176 et
1405 3136 1619 3177 amore
1648 3115 1859 3181 divino
1893 3116 2233 3187 feriuntur3
2277 3111 2395 3176 sed
2424 3111 2538 3199 qui
2570 3110 2731 3176 varie

702 3231 819 3296 per
847 3211 1045 3278 vitam
1084 3213 1416 3280 incurrunt
1451 3217 1745 3295 laboreS,
1782 3245 1900 3287 nnc
1934 3218 2162 3287 diaboli
2194 3218 2568 3314 tentationes
2601 3230 2731 3282 arte

704 3318 1103 3407 versutiaque
1140 3321 1338 3384 illatas
1373 3311 1733 3411 multiplici
1755 3330 2099 3409 sustinent,
2131 3340 2194 3392 ct
2227 3326 2288 3390 in
2327 3325 2566 3391 mundo*
2588 3308 2729 3412 per·

697 3435 990 3500 manent,
1041 3438 1105 3488 et
1142 3421 1716 3514 demergunturin
1755 3436 1892 3523 ejus
1939 3435 2249 3525 profunda
2280 3432 2605 3519 voragine,
2644 3429 2728 3495 oh

696 3528 1004 3614 propositi
1060 3530 1432 3614 languorem
1489 3552 1555 3604 et
1625 3539 2053 3607 infirmitatem
2082 3567 2101 3616 ς
2163 3542 2264 3607 vel
2311 3540 2495 3612 etiam
2552 3536 2731 3623 quod

698 3628 929 3695 ass'ectu
956 3644 1352 3702 terrenorum
1375 3631 1725 3732 capiantur.
1760 3648 2168 3736 Quicumque
2183 3669 2370 3738 porro
2392 3640 2730 3709 securitate

693 3735 868 3801 omni
887 3737 1238 3823 perducere
1262 3744 1345 3811 ad
1366 3760 1717 3817 extremam
1742 3766 1979 3821 metam
2002 3745 2269 3828 cursum
2281 3752 2455 3840 hunc
2479 3748 2724 3829 volunt,

701 3909 728 3960 5‘
755 3904 781 3968 ζ’
807 3891 951 3953 '0011-
980 3910 1096 3968 vm,
1116 3898 1205 3970 u,
