2982 4885
1119 512 1375 563 Romuli
1421 511 1608 558 xxvn.
2259 512 2389 584 209

355 646 765 707 armaturam,
792 633 1145 707 thoracem,
1181 645 1248 698 et
1285 655 1457 698 arma
1491 629 1725 696 suerint
1753 629 1983 705 induti,
2018 633 2233 717 quoad
2261 655 2390 698 οω-

357 752 487 804 tera
512 789 529 813 ,
563 738 732 803 intus
766 748 912 802 sunt
944 736 1211 811 muniti,
1246 758 1364 801 nec
1402 736 1615 801 hostes
1647 735 1949 799 insultant
1986 734 2107 800 illis
2145 758 2161 800 :
2200 742 2322 802 aut‘
2343 736 2396 802 si

360 843 718 908 insultarint
744 891 762 917 ,
800 842 864 907 in
912 863 1138 907 eorum
1163 842 1499 906 ‘voluntate
1531 838 1724 904 situm
1755 848 1887 913 est,
1926 839 2147 905 aututi
2189 839 2402 924 armis,

359 971 709 1037 repugnare
746 969 818 1013 ae
844 947 1145 1013 reluctari
1185 946 1499 1020 hostibus,
1526 956 1593 1010 et
1624 942 1961 1009 victoriam
2001 943 2271 1020 reserre3
2298 955 2409 1011 aut

359 1054 640 1120 deliciari
670 1066 734 1120 et
765 1075 989 1143 pacem
1031 1052 1192 1118 inire
1233 1074 1383 1118 eum
1433 1049 1727 1117 hostibus
1750 1099 1767 1126 ,
1797 1061 1865 1115 et
1893 1071 2022 1115 non
2055 1051 2407 1130 decertare,

325 1140 340 1165 ⁹
361 1159 645 1248 quamvis
685 1158 965 1225 habeant
1004 1179 1180 1222 arma
1214 1180 1230 1222 τ
1266 1147 1358 1223 sic
1390 1176 1649 1253 quoque
1692 1151 2031 1219 Christiani
2064 1154 2410 1243 perfectam

362 1265 662 1330 virtutem
707 1263 940 1339 induti,
977 1274 1042 1329 et
1087 1284 1262 1328 arma
1313 1260 1598 1327 eoelestia
1644 1257 2046 1336 obtinentes,
2093 1260 2145 1326 si
2189 1261 2411 1337 velint,

364 1370 772 1437 oblectantur
801 1393 951 1436 eum
1002 1369 1270 1446 Satana,
1303 1382 1368 1435 et
1409 1388 1635 1457 pacem
1687 1387 1837 1430 cum
1871 1388 1948 1431 eo
1997 1367 2410 1444 contrahunt,

368 1498 485 1540 nee
522 1478 768 1541 bellum
798 1476 1097 1541 inserunt.
1133 1474 1455 1542 Mutabilis
1483 1472 1659 1539 enim
1693 1483 1791 1537 est
1818 1482 2070 1547 natura,
2097 1484 2161 1537 et
2189 1471 2241 1537 si
2263 1472 2414 1538 velit

369 1581 536 1665 quis,
565 1578 639 1643 fit
670 1577 836 1643 filius
860 1579 1018 1653 Dei;
1053 1578 1149 1644 sin
1173 1590 1419 1655 contra,
1454 1576 1626 1644 filius
1661 1575 1990 1643 interitus:
2013 1598 2090 1642 eo
2114 1573 2287 1664 quod
2314 1596 2415 1641 su-

371 1682 570 1771 persit
600 1682 874 1749 liberum
901 1683 1254 1749 arbitrium.

455 1786 601 1854 XII.
653 1786 846 1853 Aliud
893 1801 990 1854 est
1036 1789 1116 1854 de
1162 1810 1326 1877 pane
1373 1800 1438 1854 et
1482 1809 1704 1853 mensa
1752 1785 2060 1851 disserere
2072 1809 2092 1859 ς
2127 1797 2194 1850 et
2242 1782 2412 1851 aliud

370 1890 558 1958 edere
587 1915 661 1958 ae
693 1915 946 1959 sumere
974 1893 1345 1959 suavitatem
1377 1892 1592 1982 panis,
1629 1903 1702 1957 ut
1735 1891 2237 1957 corroborentur
2264 1891 2415 1958 inde

369 1998 579 2063 omnia
602 1999 909 2065 membra.
950 1998 1143 2065 Aliud
1174 2008 1277 2065 est
1301 1996 1624 2087 disputare
1651 1996 1864 2063 verbis
1888 1997 1967 2062 de
1996 2008 2151 2085 potu
2174 1994 2417 2061 suavis·

374 2104 535 2169 simo
572 2128 589 2167 ε
623 2117 689 2171 et
733 2105 904 2171 aliud
950 2104 1122 2170 abire
1151 2153 1170 2182 ,
1216 2115 1281 2170 et
1324 2127 1402 2172 ex
1444 2104 1579 2193 ipso
1627 2101 1806 2169 sonte
1844 2124 2106 2191 capere,
2150 2101 2414 2192 ipsoque

372 2222 557 2297 gustu
585 2209 933 2275 suavissimi
962 2223 1151 2298 potus
1163 2199 1430 2298 repleri.
1463 2209 1656 2274 Aliud
1678 2221 1774 2275 est
1793 2207 2100 2274 disserere
2115 2212 2195 2273 de
2217 2205 2413 2287 bellu,

375 2314 648 2378 strenuis
679 2314 931 2378 athletis
955 2313 1465 2378 etbellatoribus
1504 2336 1519 2377 :
1556 2325 1622 2378 et
1653 2314 1824 2378 aliud
1857 2312 2029 2378 abire
2054 2312 2417 2401 quempiam

377 2419 442 2482 in
479 2416 682 2482 aciem
719 2416 1058 2481 militarem
1086 2465 1103 2490 ,
1148 2436 1299 2481 cum
1334 2415 1624 2481 hostibus
1663 2439 1887 2481 manus
1921 2440 2291 2491 conserere,
2330 2414 2419 2483 in·

380 2521 555 2611 gredi
587 2571 604 2597 ,
640 2521 887 2609 egredi,
923 2519 1212 2609 accipere
1233 2568 1251 2595 ,
1278 2520 1429 2585 dare
1448 2570 1466 2596 ,
1497 2531 1561 2584 et
1582 2515 1911 2585 victoriam
1938 2535 2282 2611 reportare.
2314 2520 2422 2589 Sic

381 2650 636 2715 quoque
663 2649 729 2691 se
759 2648 858 2690 res
890 2625 1086 2691 habet
1111 2624 1173 2691 in
1199 2624 1649 2714 spiritualibus.
1673 2625 1867 2691 Aliud
1895 2639 1990 2691 est
2019 2624 2235 2692 notitia
2263 2652 2423 2716 qua-

383 2730 529 2796 dam
566 2743 631 2796 et
662 2730 985 2796 intellectu
1025 2729 1340 2820 explicare
1371 2753 1696 2797 sermones
1733 2755 1749 2796 :
1789 2743 1853 2796 et
1897 2728 2066 2797 aliud
2098 2732 2160 2798 iu
2196 2730 2423 2824 hypos-

385 2838 499 2903 tasi
539 2848 600 2902 et
640 2858 866 2926 opere,
905 2858 975 2902 ac
1007 2837 1388 2904 certitudine
1429 2835 1620 2912 fidei,
1652 2850 1718 2903 et
1748 2835 1814 2902 in
1847 2835 2130 2903 interiori
2165 2837 2426 2908 homine

384 2956 450 3009 et
472 2943 682 3009 animo
717 2942 1038 3032 possidere
1069 2940 1435 3009 thesaurum
1456 2993 1475 3020 ,
1512 2939 1819 3032 gratiam,
1857 2959 2113 3033 gustum
2135 2994 2153 3020 ,
2189 2958 2254 3011 et
2284 2935 2425 3028 effi-

383 3048 624 3113 caciam
666 3046 936 3137 Spiritus
978 3048 1199 3114 sancti.
1256 3048 1383 3129 Qui
1415 3048 1586 3114 enim
1621 3047 1791 3113 nuda
1823 3049 2012 3115 verba
2048 3048 2380 3139 proferunt
2402 3100 2423 3128 ,

385 3152 832 3242 imaginatione
849 3151 1091 3242 jactant
1112 3177 1179 3220 se
1202 3167 1265 3220 et
1290 3151 1726 3220 intumescunt
1751 3154 1962 3220 animo
1985 3177 2120 3220 sno.
2149 3182 2174 3214 ι
2199 3154 2424 3221 Sermo

390 3261 604 3327 »enim
652 3283 832 3326 meus
871 3310 888 3336 ,
947 3261 1149 3349 inquit
1184 3310 1202 3339 ‚
1266 3273 1331 3327 et
1377 3262 1744 3352 praedicatio
1794 3283 1972 3338 mea,
2017 3283 2144 3326 non
2187 3274 2322 3325 erat
2361 3261 2425 3326 in

387 3363 844 3456 »persuasoriis
867 3366 1158 3432 humanae
1188 3367 1508 3457 sapientiae
1540 3366 1748 3433 verbis
1768 3414 1786 3441 ,
1829 3364 1938 3431 sed
1974 3365 2036 3427 in
2067 3362 2428 3429 ostensione
2540 3407 2554 3421 ·

390 3472 704 3563 »Spiritus
751 3495 824 3538 ae
870 3473 1167 3561 potentiae
1197 3471 1243 3535 ¹.
1287 3498 1311 3530 »
1357 3472 1438 3536 Et
1472 3494 1727 3536 rursum
1764 3468 1911 3535 alibi
1952 3465 2106 3531 dicit
2143 3490 2158 3531 ε
2205 3466 2426 3558 «Finis

395 3578 732 3667 »praecepti
760 3590 854 3643 est
887 3576 1159 3641 charitas
1189 3597 1266 3638 ex
1297 3595 1457 3661 puro
1484 3576 1713 3647 corde,
1747 3585 1811 3638 et
1843 3569 2224 3636 conscientia
2258 3571 2428 3636 bona

285 3717 291 3727 ·
402 3690 509 3739 »et
555 3679 678 3743 fide
712 3705 837 3745 non
880 3677 1234 3747 simulata².
1272 3706 1297 3737 ι
1347 3676 1726 3763 Hujusmodi
1774 3673 1882 3761 qui
1916 3686 2009 3738 est
2051 3696 2179 3738 non
2232 3676 2422 3742 cadit.

406 3775 615 3843 Multis
650 3784 819 3845 enim
842 3831 858 3854 ‚
895 3785 1002 3868 qui
1039 3788 1245 3848 Deum
1278 3780 1688 3870 quaesierant,
1727 3791 1939 3869 aperta
1971 3789 2067 3844 est
2092 3777 2322 3867 janua,
2358 3803 2433 3846 ac

400 3881 697 3947 viderunt
737 3884 1100 3951 thesaurum
1126 3911 1198 3952 ac
1232 3888 1490 3977 ingressi
1517 3899 1664 3954 sunt
1696 3885 1760 3952 iu
1790 3906 1958 3952 eum.
1989 3884 2068 3952 Et
2101 3907 2250 3951 cum
2275 3908 2432 3976 gau-

473 4029 490 4055 ⁸
527 4033 544 4068 ι
574 4013 696 4069 Cor.
723 4018 853 4078 ¹¹24·
881 4046 940 4059 —
967 4035 987 4060 ο
1017 4038 1033 4070 ι
1064 4023 1196 4078 Tim.
1231 4043 1267 4088 ι,
1296 4027 1343 4077 5.

625 4123 841 4172 κινιιι.
1791 4159 1799 4166 ‚
2142 4103 2222 4184 ¹4
