2982 4885
574 492 705 570 264
1244 508 1292 551 s.
1345 504 1607 550 menn
1655 496 1922 549 marr-ru

570 628 868 701 tionibus,
910 628 1118 691 denuo
1150 623 1395 689 accedit
1430 622 1674 697 vitium,
1711 620 2036 706 induitque
2067 619 2370 695 animam,
2406 641 2480 685 ac
2512 632 2602 685 to-

567 743 704 796 tnm
750 729 1076 795 hominem
1132 726 1407 814 affligere
1452 725 1692 813 incipit.
1753 725 2146 792 Recordatur
2192 745 2342 812 ergo
2391 725 2599 791 anima

568 830 795 923 prioris
825 833 1098 923 requiei,
1140 827 1328 920 alque
1360 829 1584 920 incipit
1612 829 1834 919 affligi,
1870 840 1936 895 et
1967 829 2282 939 continuis
2304 830 2600 895 aerumnis
2689 849 2705 861 ‘

566 938 752 1006 affici.

655 1041 1115 1112 v111.1temm
1140 1041 1409 1110 intendit
1431 1041 1678 1107 animus
1701 1040 1767 1106 in
1791 1041 2026 1117 Deum,
2053 1040 2246 1130 coepit
2267 1040 2352 1107 illi
2378 1061 2599 1129 appro-

564 1148 876 1239 pinquare
932 1149 1107 1238 prior
1166 1147 1416 1234 requies
1439 1196 1457 1223 ,
1509 1146 1730 1235 incipit
1782 1145 2215 1211 vehementius
2256 1144 2591 1231 inquirere.

583 1280 610 1315 ι
628 1254 955 1343 Deprecor
978 1266 1068 1330 te,
1095 1252 1206 1329 ait,
1231 1252 1522 1318 Domine.
1543 1281 1568 1313 ι
1587 1252 1894 1318 Paulatim
1924 1252 2263 1341 apponitur
2285 1252 2342 1316 ei
2366 1249 2522 1339 ignis
2537 1263 2604 1315 et

569 1361 925 1425 accendens
967 1371 1033 1425 et
1079 1380 1372 1424 recreans
1417 1358 1738 1424 animam:
1790 1359 2330 1447 quemadmodum
2378 1357 2602 1421 hamus

565 1463 871 1552 paulatim
913 1462 1189 1529 extrahit
1226 1487 1263 1530 e
1301 1462 1634 1553 profundo
1663 1462 1923 1552 piscem.
1978 1461 2107 1530 Nisi
2155 1461 2326 1527 enim
2363 1461 2486 1527 hoc
2517 1459 2603 1524 ita

566 1577 759 1644 esset,
814 1592 885 1635 ac
939 1582 1223 1659 gustaret
1279 1567 1766 1635 amaritudinem
1807 1580 1873 1634 et
1907 1578 2205 1641 mortem,
2246 1587 2372 1654 quo
2420 1577 2607 1655 pacto

566 1685 782 1760 posset
823 1674 1187 1739 discernere
1239 1693 1525 1737 amarum
1559 1696 1594 1737 a
1626 1672 1830 1745 dulci,
1877 1685 1941 1736 et
1978 1682 2248 1735 mortem
2282 1695 2315 1735 a
2347 1669 2511 1745 vita,
2545 1679 2614 1734 et

566 1786 819 1860 gratum
864 1797 934 1838 se
979 1775 1279 1837 exhibere
1323 1772 1664 1838 vivificanti
1696 1772 1888 1846 Patri,
1919 1781 1985 1836 et
2013 1771 2199 1843 Filio,
2249 1784 2315 1892 et
2344 1770 2617 1858 Spiritui

544 1889 785 1939 »sancto
813 1875 881 1939 in
912 1873 1182 1938 saecula?
1225 1873 1455 1939 Amen.

558 2085 764 2105 ΏἏΜ.
775 2084 1205 2110 “mmmm
1213 2086 1667 2108 mmmmm
1673 2086 2325 2110 „mmmmm
2333 2088 2509 2109 *8ss
2517 2088 2613 2108 m

1264 2249 1674 2318 HOMILIA
1723 2249 1906 2317 XLI.

575 2452 944 2544 Profunda
986 2451 1200 2524 valde
1241 2468 1414 2525 sunt
1425 2451 1840 2551 penetralia
1871 2453 2140 2522 am'mae
2160 2507 2180 2541 ,
2210 2477 2380 2549 quoe
2417 2481 2605 2552 pau-

695 2566 898 2637 latim
934 2573 1368 2637 incrementa
1395 2568 1654 2661 gratioe
1679 2581 1805 2635 αιιε
1833 2566 2174 2634 vitiorum
2202 2569 2479 2664 acczpit.

662 2773 709 2836 1.
763 2773 1121 2839 Pnarrosuu
1161 2795 1268 2839 vas
1304 2772 1529 2839 animae
1578 2774 1645 2839 in
1690 2796 1937 2840 summa
1975 2776 2403 2865 profunditate
2450 2799 2601 2843 con-

577 2877 763 2952 sistit,
784 2892 856 2942 ut
880 2876 1113 2942 alicubi
1145 2877 1383 2964 inquit:
1412 2905 1446 2938 ,ι
1465 2878 1786 2967 Abyssum
1808 2893 1874 2946 et
1891 2903 2004 2946 cor
2026 2882 2161 2970 ipse
2174 2881 2541 2947 scrutatur¹.
2560 2911 2588 2943 ι

576 2983 711 3048 Ubi
738 2983 906 3046 enim
956 2982 1283 3050 diverterit
1328 2984 1522 3052 homo
1569 3010 1604 3051 a
1643 2989 1977 3063 mandato,
2030 3001 2096 3054 et
2134 2986 2448 3054 sententiae
2493 2986 2599 3052 irae

576 3086 889 3151 obnoxius
930 3086 1134 3155 sactus
1172 3086 1400 3167 suerit,
1448 3092 1674 3179 redigit
1707 3093 1885 3157 illum
1927 3094 1991 3158 in
2023 3115 2199 3159 suam
2229 3104 2606 3182 potestatem

575 3200 937 3281 peccatum,
964 3196 1138 3280 quod
1168 3215 1319 3259 cum
1340 3193 1421 3260 sit
1450 3197 1626 3261 velut
1649 3196 1908 3285 abyssus
1939 3202 2227 3288 quaedam
2252 3199 2607 3265 acerbitatis

577 3295 646 3360 in
674 3294 1022 3362 subtilitate
1053 3309 1118 3363 et
1147 3296 1576 3384 profunditate
1605 3302 1955 3369 consistens
1974 3353 1993 3380 ,
2029 3303 2382 3393 ingressum
2405 3304 2568 3370 intro
2587 3351 2606 3378 ,

579 3420 816 3490 pascua
857 3404 1079 3470 animae
1111 3403 1485 3492 occupavit,
1519 3429 1719 3495 usque
1751 3412 1830 3476 ad
1859 3411 1985 3476 ima
2014 3411 2154 3496 ejus
2182 3413 2601 3499 receptacula.

580 3506 770 3573 Hunc
803 3520 1016 3571 autem
1062 3509 1125 3572 in
1156 3508 1420 3576 modum
1454 3513 1936 3582 assimilabimus
1964 3517 2241 3621 animam
2275 3529 2340 3581 et
2377 3536 2609 3602 pecea-

576 3626 719 3676 tum
739 3609 1148 3699 permixtum,
1176 3612 1437 3701 perinde
1456 3640 1530 3683 ac
1561 3619 1612 3684 si
1637 3620 1718 3685 sit
1737 3620 1970 3685 arbor
1952 3643 2196 3709 angens,
2225 3643 2365 3707 quae
2381 3620 2613 3687 habeat

582 3717 819 3781 multos
843 3736 1088 3786 ramos.
1125 3718 1354 3788 habeat
1385 3746 1641 3811 qnoque
1670 3726 1913 3793 radices
1941 3728 2273 3816 profundae
2302 3740 2485 3793 terrae
2515 3728 2614 3792 in-

580 3817 780 3885 fixas:
827 3819 914 3885 sie
951 3838 1205 3915 quoqne
1249 3849 1481 3918 pascua
1512 3828 1884 3898 intimorum
1920 3833 2144 3899 animae
2174 3833 2613 3932 receptaculo-

653 3953 852 4010 'Botlh
874 3973 997 4021 ιιιι,
1026 3952 1102 4011 ι8.
