2982 4885
1020 618 1589 667 normannum.
1992 624 2019 669 ι
2192 598 2321 693 427

289 738 427 805 Hoc
446 735 727 803 videntes
748 736 997 811 fratres,
1029 756 1158 826 prae
1180 735 1410 801 timore
1433 734 1802 801 ceciderunt
1825 734 1905 802 ad
1926 734 2120 822 pedes
2139 736 2302 824 ejus.

289 845 455 911 Tum
483 844 605 910 illis
635 865 826 909 senex
853 865 869 906 τ
905 841 1046 908 Non
1077 852 1334 930 propter
1370 863 1474 905 me
1508 841 1574 905 id
1613 839 1858 913 evenit,
1890 839 2047 906 nihil
2075 843 2313 932 quippe

292 972 430 1014 sum
462 972 478 1013 ε
507 950 622 1014 sed
654 959 914 1036 propter
943 946 1200 1011 viduam
1221 959 1287 1011 et
1310 945 1582 1033 pupillos
1612 945 1784 1010 Deus
1815 968 1957 1011 rem
1982 946 2170 1022 fecit,
2193 948 2320 1017 hoc

290 1079 438 1121 vero
469 1075 772 1143 magnum
804 1065 935 1128 est,
970 1053 1144 1141 quod
1178 1051 1349 1119 Deus
1378 1052 1516 1116 vult
1540 1050 1816 1115 animam
1845 1073 1984 1116 esse
2012 1051 2147 1117 aine
2176 1064 2322 1141 pec·

292 1171 475 1234 cato,
523 1171 589 1224 et
625 1157 935 1245 quidquid
973 1154 1226 1244 petierit
1266 1155 1554 1244 accipiet.
1599 1154 1928 1221 Profectus
1973 1178 2124 1245 ergo
2165 1181 2325 1225 nun·

291 1265 465 1331 tiavit
489 1264 730 1340 viduae‚
762 1262 873 1327 nbi
897 1262 1138 1348 jaceret
1173 1259 1551 1349 depositum.
1599 1260 1759 1338 Quae
1792 1261 2109 1351 accipiens
2151 1264 2326 1330 dedit

293 1369 550 1434 domino
572 1417 591 1445 ,
629 1389 702 1434 ac
741 1368 808 1431 in
847 1366 1209 1432 libertatem
1243 1367 1511 1431 asseruit
1539 1365 1806 1440 liberos,
1832 1369 2327 1457 omnesque'qui

291 1472 671 1539 miraculum
703 1471 1113 1548 audiverunt,
1138 1469 1406 1557 gloriam
1439 1471 1752 1536 dederunt
1777 1470 1932 1535 Deo.

379 1570 544 1643 V111.
603 1573 890 1640 Narravit
935 1574 1152 1640 Abbas
1196 1574 1422 1641 Petrus
1465 1575 1548 1641 de
1588 1575 1781 1645 heato
1810 1575 2113 1647 Macerio.
2155 1579 2333 1663 quod

291 1701 444 1746 cum
489 1678 842 1745 advenisset
883 1678 1220 1766 aliquando
1262 1680 1344 1746 ad
1384 1682 1724 1766 quemdam
1757 1680 2231 1755 anachoretam,
2264 1694 2333 1748 et

292 1782 632 1851 invenisset
670 1804 818 1849 eum
854 1795 1299 1871 aegrotantem‚
1330 1784 1686 1850 sciscitatus
1714 1784 1828 1860 ait,
1861 1784 2165 1871 quidnam
2202 1786 2333 1852 cibi

290 1892 482 1954 vellet
523 1910 773 1953 sumere
803 1910 819 1950 ε
861 1888 1019 1952 nihil
1055 1887 1291 1976 quippe
1325 1901 1462 1953 erat
1499 1890 1562 1953 in
1595 1891 1756 1954 cella
1791 1889 1951 1974 ojus.
1993 1890 2122 1969 Qui
2152 1903 2335 1978 post—-

292 2014 482 2082 quam
513 1993 791 2068 ditisaet,
824 1993 1167 2079 pastillum,
1205 2015 1333 2057 non
1361 1993 1564 2081 piguit
1584 1995 1790 2059 virum
1811 1994 2041 2060 sortem
2066 1994 2330 2059 Alexan-

293 2100 494 2164 driam
523 2095 868 2186 proficisci,
902 2109 976 2163 ut
1002 2120 1172 2186 aegro
1202 2099 1420 2164 daret:
1460 2098 1753 2186 miraque
1781 2122 1882 2166 ree
1919 2098 2158 2167 nemini
2187 2102 2345 2166 ma-'

293 2203 517 2268 nirenta
554 2201 717 2265 sacta
756 2210 873 2263 est.

379 2303 495 2368 lx.
561 2302 802 2365 lterum
848 2302 1218 2366 memoravit
1240 2326 1260 2377 ς
1302 2300 1407 2366 Ad
1451 2302 1767 2369 Abbatem
1804 2304 2332 2372 Macarium'cum

294 2405 590 2473 fratribus
633 2402 882 2471 cunctis
932 2403 998 2468 in
1039 2402 1443 2491 simplicitate
1494 2419 1976 2472 conversantem
2029 2406 2329 2473 dixerunt

293 2509 625 2578 nonnum?
657 2510 872 2590 Quare
904 2520 965 2573 te
990 2509 1179 2572 talem
1209 2498 1497 2596 p'raebes?
1524 2510 1638 2580 Ille
1663 2511 2028 2598 respondit:
2064 2511 2345 2577 Duode-'

294 2616 421 2682 cim
470 2637 666 2680 annos
709 2613 932 2678 servivi
976 2613 1252 2678 Domino
1298 2635 1478 2688 meo,
1530 2625 1602 2678 ut
1644 2614 1801 2680 mihi
1847 2614 2016 2680 hanc
2064 2616 2333 2703 gratiam

293 2720 628 2808 largiretur
647 2745 674 2797 ε
702 2732 768 2787 et
796 2742 1016 2788 omnes
1044 2719 1203 2786 mihi
1235 2718 1572 2786 consilium
1604 2721 1763 2788 datis
1782 2769 1800 2801 ,
1838 2720 1932 2787 uti
1963 2744 2107 2787 eam
2135 2724 2334 2811 depo—

269 2850 440 2892 ·nam
462 2827 492 2891 P

379 2931 465 2998 X.
519 2927 834 2997 Dicebant
857 2932 937 2998 de
958 2931 1210 2999 Abbate
1230 2932 1530 3007 Maenio,
1567 2935 1741 3019 quod
1771 2933 1823 2998 si
1854 2954 2003 2998 cum
2031 2933 2331 2999 fratribus

295 3059 522 3104 vacans
553 3037 930 3112 versaretur,
960 3037 1044 3103 ita
1068 3060 1286 3104 secum
1312 3039 1767 3113 constituebam
1802 3039 1853 3103 si
1885 3039 2101 3104 vinum
2130 3039 2334 3105 affue-

298 3143 377 3208 rit
400 3156 656 3231 propter
680 3143 906 3208 fratres
930 3144 1117 3218 bibe:
1150 3156 1217 3208 et
1243 3166 1362 3230 pro
1391 3168 1522 3210 uno
1553 3144 1683 3210 vini
1708 3149 1964 3233 poculo,
1991 3169 2107 3233 per
2130 3167 2333 3212 unum

299 3247 463 3312 diem
497 3269 721 3334 aquam
754 3269 883 3311 non
913 3247 1111 3312 bibas.
1153 3248 1352 3334 Igitur
1387 3250 1643 3322 fratres,
1680 3248 1944 3313 reficere
1976 3250 2328 3334 cupientes,

299 3354 533 3418 dabant
559 3352 636 3416 oi.
680 3350 885 3415 Senex
914 3365 1126 3418 antem
1158 3375 1308 3416 cum
1341 3355 1573 3438 gaudio
1607 3354 2005 3422 admittebat,
2041 3362 2114 3415 ut
2145 3367 2212 3415 se
2235 3352 2334 3438 ip-

296 3479 435 3520 sum
453 3465 794 3541 torqueret.
818 3452 902 3517 At
923 3453 1265 3538 discipulus
1288 3455 1452 3538 ejus,
1481 3457 1586 3519 cui
1612 3480 1710 3522 res
1733 3469 1881 3522 nota
1900 3466 2060 3528 erat,
2082 3455 2337 3521 dicebat

297 3558 630 3624 fratribus:
657 3558 779 3623 Per
793 3554 1164 3627 Dominum,
1197 3575 1278 3616 ne
1307 3555 1638 3639 praebeatis
1670 3558 1790 3631 illi3
1819 3557 2051 3642 alioqui
2080 3557 2146 3621 in
2169 3561 2328 3623 cella

300 3661 706 3723 confecturus
741 3668 838 3722 est
870 3678 956 3724 ee.
996 3657 1142 3737 Quo
1177 3665 1507 3745 comperto
1528 3656 1778 3733 fratrea
1818 3653 1948 3725 non
1974 3661 2244 3749 amplius
2278 3662 2339 3726 ei

299 3761 728 3853 porrigebant.
1993 3777 2001 3787 ·

387 3869 504 3935 XI.
553 3866 969 3934 Proficiscens
1002 3869 1339 3955 aliquando
1370 3867 1587 3934 Ab'bas
1619 3868 1927 3938 Macarius
1953 3891 1987 3935 a
2010 3871 2244 3957 palude
2272 3870 2337 3938 in

298 3977 524 4043 cellam
547 3998 750 4050 suam,
782 3976 1074 4063 portabat
1104 3977 1462 4065 palmarum
1500 3997 1744 4051 ramosg
1778 3989 1846 4042 et
1870 3998 2026 4042 ecce
2052 3979 2345 4045 occurrit

301 4082 360 4148 ei
392 4083 457 4150 in
485 4081 583 4150 via
613 4082 904 4152 diabolus
932 4083 1162 4152 falcem
1193 4104 1435 4170 gerens.
1482 4082 1686 4169 thue
1714 4082 1914 4151 voluit
1944 4105 2094 4150 eum
2124 4082 2338 4162 ferire,
