2982 4885
590 503 718 591 ³9²
1266 520 1313 561 s.
1371 516 1637 563 uscanu
1682 519 1947 565 zerrru

583 640 710 711 hec
732 656 962 724 genere
985 634 1148 700 sciro
1185 655 1260 700 ac
1299 632 1573 723 posseP)
1608 632 2066 700 Christianismi
2098 634 2625 716 fundamentum,

586 754 1106 833 qaiautaeumque
1171 739 1311 827 quis
1365 740 1595 804 obierit
1650 740 1934 805 omnium
2006 739 2216 808 officia
2272 734 2628 822 virtutum,

585 848 682 916 his
725 860 939 913 tamen
977 838 1110 911 non
1142 845 1575 933 acquiescere3
1608 866 1741 910 non
1782 847 1858 911 iis
1894 846 2253 925 confidem
2307 873 2436 917 non
2484 853 2634 919 inde

583 972 888 1040 maguum
917 952 1072 1039 quid
1112 974 1181 1016 se
1210 950 1456 1026 secisse,
1498 964 1829 1040 reputare3
1871 975 2079 1041 neque
2109 954 2219 1019 ubi
2257 956 2466 1044 gratim
2485 979 2627 1044 par-

583 1057 788 1149 ticeps
807 1070 904 1124 est
939 1056 1167 1131 sactus,
1205 1070 1494 1146 repente,
1523 1079 1597 1123 ac
1627 1081 1696 1123 se
1718 1060 2275 1148 comprehendisse
2295 1063 2621 1138 arbitrari:

594 1166 803 1231 multo
834 1162 1046 1229 minus
1085 1163 1258 1227 velut
1300 1162 1431 1250 jam
1477 1176 1764 1229 saturum
1812 1165 2041 1243 otiari3
2082 1167 2230 1254 quin
2257 1172 2392 1233 tum
2429 1170 2632 1258 magis

595 1269 842 1335 esurire
871 1290 948 1336 ae
974 1267 1186 1333 sitire:
1221 1270 1437 1357 lugere
1457 1293 1532 1336 ae
1562 1269 1741 1348 ssere,
1772 1293 1847 1337 ac
1875 1274 2213 1339 contritum
2235 1273 2485 1361 penitus
2514 1297 2636 1342 cor

597 1375 861 1443 habere.
2554 1446 2563 1455 ,

681 1481 937 1548 XXXI.
993 1479 1215 1569 Cogita
1243 1479 1399 1546 mihi
1445 1481 1535 1547 sic
1572 1506 1640 1548 se
1668 1482 1906 1550 habere
1933 1485 2321 1573 spiritualem
2358 1497 2629 1552 statum.

591 1586 792 1674 Finge
814 1586 930 1652 tihi
955 1586 1166 1653 animo
1188 1588 1495 1675 palatium
1517 1591 1838 1675 quoddam
1858 1591 2127 1678 regium,
2155 1591 2312 1657 aulis
2333 1605 2636 1658 constans

597 1692 892 1766 diversis;
931 1715 1005 1758 ac
1037 1693 1346 1758 vestibula
1378 1693 1637 1778 quidem
1665 1695 1978 1784 principio
2014 1710 2265 1772 extare,
2301 1711 2637 1785 partesque

596 1797 943 1867 anteriores
977 1796 1249 1868 :ediumz
1297 1809 1434 1861 tum
1456 1797 1803 1863 introrsum
1827 1801 2126 1867 continua
2165 1803 2324 1867 serie
2358 1804 2632 1891 penitius

594 1901 963 1966 recedentes
989 1899 1162 1974 alias,
1196 1899 1260 1965 in
1290 1901 1521 1987 quibus
1547 1915 1612 1967 et
1639 1926 1987 1993 purpuram
2008 1920 2084 1972 ‘et
2122 1910 2448 1975 thesauros
2478 1911 2629 1974 veri-

599 2004 802 2071 simile
833 2004 914 2070 sit
949 2006 1146 2070 latere
1182 2005 1477 2094 reposita.
1537 2007 1780 2075 Deinde
1825 2034 2043 2078 rursus
2089 2027 2233 2102 post
2279 2016 2392 2082 has
2432 2015 2635 2081 adhue

595 2111 893 2176 interiora
938 2112 1262 2178 conclavia
1298 2138 1314 2176 ε
1371 2114 1484 2180 ubi
1530 2114 1831 2181 diversari
1878 2141 1989 2184 rex
2034 2119 2169 2208 ipse
2213 2123 2513 2188 creditur.
2555 2123 2641 2189 Ut

593 2213 788 2303 igitur
808 2216 858 2281 si
884 2214 1195 2305 quispiam
1218 2218 1571 2287 istiusmodi
1594 2222 1858 2289 extimas
1878 2236 2130 2291 tantum
2154 2230 2457 2315 quasdam
2477 2225 2638 2291 sorte

600 2320 917 2409 ingressus
963 2323 1354 2400 man-iones,
1400 2327 1786 2395 existimaret
1829 2354 1897 2396 se
1939 2332 2072 2422 ipsa
2123 2333 2250 2421 jam
2292 2332 2642 2423 penetralia

605 2426 912 2496 domicilii
952 2440 1194 2508 tenere,
1241 2431 1654 2501 vehementer
1681 2442 1925 2504 erraret
1953 2461 1969 2504 t
2017 2439 2101 2506 ita
2133 2439 2192 2504 in
2227 2439 2412 2503 rebus
2441 2437 2650 2523 spiri·-

604 2536 882 2601 tualibus
911 2558 980 2600 se
1013 2559 1114 2602 res
1143 2538 1369 2612 habetg
1405 2540 1516 2626 qui
1544 2541 1785 2608 bellum
1805 2546 2011 2611 ventri
2033 2557 2096 2611 et
2115 2563 2323 2609 somno
2347 2540 2646 2606 inscren-

605 2651 727 2711 tes.
760 2638 825 2703 in
846 2639 1240 2705 Psalmorum
1274 2664 1528 2730 quoque
1565 2647 2032 2725 decantatione,
2066 2661 2132 2716 et
2162 2645 2653 2716 continuatione

604 2762 867 2830 precum
897 2756 1325 2829 perseverant,
1362 2768 1445 2811 ne
1475 2761 1705 2837 putent
1746 2777 1817 2822 se
1852 2757 2216 2844 pervenisse
2245 2754 2372 2843 jam
2403 2753 2485 2817 ad
2513 2773 2652 2819 me-

602 2855 759 2919 tam,
792 2867 864 2911 ae
894 2845 1122 2933 quietis
1154 2848 1543 2921 inscendisse
1573 2857 1801 2923 cubile.
1839 2859 2015 2922 Unde
2037 2860 2208 2922 euim
2235 2860 2371 2923 haec
2395 2859 2654 2947 persua·

605 2948 742 3015 sio?
761 2950 1002 3018 ‘Adhuc
1030 2976 1257 3022 eorum
1290 2959 1356 3025 iu
1386 2959 1770 3049 primoribus
1798 2961 2147 3048 porticibus
2169 2971 2235 3025 et
2266 2961 2440 3026 circa
2477 2964 2644 3029 aulas

605 3052 805 3122 haeret
835 3061 1270 3138 conversati03
1313 3064 1596 3129 nondum
1630 3064 1738 3126 ubi
1767 3082 2045 3148 purpura
2074 3075 2141 3127 et
2170 3063 2459 3132 thesauri
2493 3066 2648 3156 regii

604 3172 754 3228 sunt
785 3162 1041 3252 repositi
1057 3191 1077 3241 ς
1109 3167 1260 3232 licet
1289 3167 1501 3252 gratim
1521 3164 1860 3252 spiritualis
1884 3165 2155 3255 alicujus
2179 3169 2306 3235 sint
2332 3171 2535 3246 beati:
2563 3194 2649 3237 ne

517 3349 521 3354 Δ
608 3289 822 3354 quaeso
851 3270 974 3336 hoe
1007 3292 1114 3335 eos
1149 3268 1441 3354 decipiat,
1479 3278 1554 3331 ut
1584 3267 1828 3355 apicem
1865 3270 2204 3362 arripuisse
2234 3274 2366 3363 jam
2398 3300 2465 3343 se
2495 3299 2646 3366 per-

603 3372 892 3442 fectionis
921 3384 1163 3459 putent.
1204 3371 1545 3458 Explorare
1574 3374 1851 3462 aliquem
1882 3380 2123 3466 aequius
2156 3382 2377 3457 ssiat-iu
2411 3383 2653 3470 ecquid

608 3478 673 3542 in
695 3497 811 3540 suo
833 3497 976 3539 vase
991 3473 1169 3539 fictili
1194 3473 1565 3545 thesaurum
1585 3480 2196 3576 inveneritPEcquid
2215 3490 2341 3577 jam
2360 3486 2650 3561 induerit

607 3579 873 3667 Spiritus
916 3582 1319 3667 purpuram?
1367 3583 1468 3650 An
1519 3610 1733 3677 regem
1775 3591 2025 3668 viderit,
2070 3607 2136 3661 et
2174 3591 2648 3680 conquieverit?

601 3683 854 3753 Etenim
889 3686 1178 3755 existima
1228 3712 1482 3758 rursum
1529 3695 1805 3762 animam
1851 3698 2107 3785 quidem
2148 3698 2649 3790 profunditatem

604 3790 972 3879 quampiam
1015 3792 1255 3863 habere
1298 3811 1365 3865 et
1428 3799 1716 3867 membra
1767 3806 2013 3870 multa.-
2042 3805 2379 3872 Peccatum
2433 3818 2645 3873 autem

599 3897 997 3988 subrepsisse
1030 3914 1214 3992 putet
1235 3903 1309 3971 in
1342 3906 1631 3973 membra
1665 3910 1910 3986 omnin
1947 3924 2014 3978 et
2042 3912 2453 4002 cogitationes
2482 3936 2644 4002 quo-

599 4025 732 4100 que
789 4007 1000 4080 cordis
1056 4029 1418 4104 occupasse.
1483 4010 1728 4083 Deinde
1787 4021 2122 4114 postquam
2183 4020 2378 4093 homo
2429 4019 2642 4112 requi-
