2982 4885
1024 531 1102 574 nn
1149 531 1545 574 emm-run.
1570 562 1577 571 .
2180 512 2315 601 393

270 648 729 736 sivit-Spiritus
781 647 1077 736 gratiani,
1127 670 1267 712 eam
1319 649 1569 722 venire,
1626 661 1691 714 et
1747 652 1901 716 duas
1952 653 2301 743 apprehen-

269 755 435 820 disse
459 753 728 837 ‘forsitan
784 753 1006 817 animae
1057 764 1285 839 partes,
1351 752 1424 814 ld
1472 775 1621 816 cum
1669 755 1932 820 sentiret
1979 757 2311 845 imperitus

271 861 482 950 gratiae
532 860 768 963 hujus,
835 859 1130 946 opinatur
1185 857 1478 922 universa
1537 859 1776 945 pariter
1828 862 2054 927 animm
2100 888 2308 931 mem-

270 965 382 1029 bra
435 965 647 1051 gratim
699 963 1159 1051 comprehensa
1215 963 1273 1031 vi
1322 961 1551 1037 teneri,
1615 984 1688 1029 ac
1735 979 2073 1053 peccatum
2121 991 2197 1033 ex
2238 993 2311 1036 ea

270 1090 525 1157 prorsus
574 1066 1018 1142 eradicatum;
1091 1068 1380 1133 nesciens
1436 1069 1772 1155 plerasque
1829 1068 2037 1134 adhue
2093 1071 2314 1139 animm

271 1188 476 1264 partes
506 1176 810 1265 occupari
836 1199 867 1240 a
905 1187 1194 1267 peccato.
1240 1175 1560 1240 Concesso
1593 1175 1764 1240 enim
1802 1175 1912 1260 (ut
1945 1177 2168 1267 saepius
2201 1181 2316 1245 de-

269 1293 687 1347 monstratum
721 1284 854 1366 est)
891 1281 1157 1370 gratiam
1191 1279 1628 1345 indesinenter
1653 1283 1927 1369 operari,
1960 1284 2128 1351 sicut
2156 1308 2316 1352 ocu-

270 1386 405 1449 lum
451 1386 515 1450 in
561 1408 859 1474 corpore3
911 1408 1059 1450 cum
1108 1410 1185 1451 eo
1234 1400 1448 1452 tamen
1489 1386 1905 1457 nihilominus
1956 1402 2052 1454 est
2096 1414 2318 1458 verum

274 1489 457 1553 simul
495 1511 645 1555 cum
680 1515 753 1555 ea
787 1492 1044 1557 subesse
1082 1492 1319 1580 pariter
1356 1493 1699 1566 malitiam,
1741 1495 2012 1558 latenter
2044 1502 2321 1562 mentem

271 1592 613 1660 fallentem.
679 1596 807 1675 Qui
854 1619 1004 1686 ergo
1054 1596 1225 1665 haud
1266 1598 1413 1662 satis
1462 1598 1637 1663 novit
1683 1598 2086 1674 discernere,
2144 1601 2323 1687 quasi

274 1722 576 1788 magnum
618 1699 772 1787 quid
817 1701 949 1789 jam
995 1700 1073 1787 sit
1109 1714 1464 1777 assecutus,
1517 1726 1818 1791 magnum
1867 1703 2104 1791 aliquid
2147 1705 2226 1768 de
2256 1726 2322 1770 se

272 1802 407 1892 ipso
437 1800 762 1894 opinatum
788 1821 852 1872 et
876 1808 1052 1895 quasi
1077 1808 1297 1872 ultima
1322 1809 1697 1899 purgatione
1726 1810 1806 1872 ad
1834 1831 2066 1895 purum
2094 1830 2323 1873 excoc-

272 1920 371 1973 tus
386 1910 487 1986 sit,
509 1910 781 1975 inflatur.
810 1912 936 1977 Sed
959 1914 1232 1976 multum
1251 1937 1284 1977 a
1302 1936 1452 1977 vero
1472 1913 1650 1978 abest
1669 1912 1802 1977 haec
1828 1913 1965 2000 ejus
1987 1912 2321 1980 vanissima

269 2018 607 2105 persuasio.
653 2019 731 2083 Ut
758 2019 929 2084 enim
965 2021 1331 2107 proecedens
1366 2042 1573 2086 sermo
1606 2020 2014 2112 monstravit,
2051 2042 2150 2084 ars
2180 2018 2319 2084 boee

271 2135 365 2188 est
396 2123 681 2194 Satanae:
714 2129 990 2212 quodam
1026 2139 1308 2214 tempore
1343 2126 1421 2191 de
1453 2127 1761 2195 industria
1795 2149 1862 2191 se
1891 2126 2313 2201 abscondere,

273 2248 371 2299 ae,
421 2228 598 2311 quasi
648 2228 1033 2303 recessisset,
1087 2229 1506 2293 intermittere
1550 2230 1800 2316 operari
1848 2252 1987 2313 quae
2041 2230 2316 2305 solebat3

275 2328 398 2393 hoc
440 2332 806 2416 spectantiS,
853 2342 925 2394 ut
957 2344 1352 2418 arrogantem
1384 2332 1481 2394 sni
1515 2329 1817 2394 fiduciam
1850 2353 2077 2418 parum
2116 2334 2315 2397 cautis

276 2434 704 2524 spiritualibus
759 2435 1103 2523 ingeneret.
1154 2435 1390 2500 Verum
1421 2434 1746 2500 enimvero
1794 2435 1901 2522 qui
1948 2436 2191 2524 plantat
2231 2438 2328 2502 vi-

276 2563 484 2616 neam,
538 2541 711 2606 haud
750 2542 962 2607 statim
1011 2541 1356 2606 vindemiat
1402 2540 1544 2627 ejus
1590 2542 1889 2632 fructum.
1947 2541 2167 2627 Neque
2214 2542 2324 2630 qni

276 2668 490 2710 semen
519 2646 584 2710 in
615 2658 846 2712 terram
878 2646 1055 2733 jacit.
1089 2647 1482 2712 frumentum
1508 2647 1733 2710 eodem
1761 2657 2046 2734 tempore
2082 2641 2146 2709 in
2179 2644 2325 2712 hor-

278 2773 381 2816 rea
419 2751 732 2817 convehit.
783 2751 957 2832 Quid
984 2775 1135 2843 ergo
1211 2776 1290 2816 an
1321 2774 1543 2818 recens
1575 2764 1760 2818 natus
1795 2751 1995 2817 infans
2029 2751 2325 2840 perfectae

274 2856 482 2922 subito
516 2857 979 2923 incrementum
1011 2858 1382 2946 adipiseitur
1405 2856 1646 2923 aetatis?
1667 2858 1933 2946 Respice
1968 2856 2031 2923 in
2064 2855 2309 2922 Jesum.

272 2962 365 3026 Ex
392 2975 624 3051 quanta
658 2965 853 3052 gloria
884 2962 1049 3029 filius
1078 2963 1194 3030 Dei
1232 2977 1296 3031 et
1325 2965 1496 3030 Deus
1528 2987 1675 3030 eum
1708 2976 1875 3031 esset
1905 2963 2221 3039 Christus,
2253 2962 2318 3029 in

270 3071 796 3164 quotsqualesque
826 3071 1265 3161 perpessiones
1286 3119 1302 3148 ,
1337 3067 1751 3160 ignominiam
1784 3084 1850 3136 et
1882 3085 2141 3137 erucem
2177 3073 2323 3138 des-

276 3173 587 3247 cenderit;
607 3183 675 3240 ”et
696 3197 914 3242 rursus
934 3190 1198 3266 propter
1225 3176 1394 3241 illam
1422 3177 1622 3265 ipsam
1648 3174 1788 3264 ejus
1813 3175 2320 3243 humiliationem

270 3282 762 3367 superexaltatus
803 3282 970 3349 idem
1015 3283 1227 3358 suerit,
1267 3286 1425 3350 adeo
1463 3297 1535 3350 ut
1567 3284 1786 3352 sedeat
1820 3284 1900 3346 ad
1930 3281 2130 3346 Patris
2161 3283 2345 3344 dex--

273 3394 494 3451 teram.
547 3387 634 3452 At
660 3390 862 3452 malus
900 3412 1158 3475 serpens
1189 3389 1618 3454 subseminata
1652 3387 1862 3477 primo
1896 3407 2011 3448 suo
2054 3405 2315 3448 susurro

276 3488 339 3554 in
368 3490 593 3557 Adami
627 3492 837 3557 animo
873 3483 1219 3577 cupiditate
1253 3493 1633 3566 Divinitatis,
1670 3493 1732 3556 in
1766 3500 2072 3580 quantam
2104 3490 2316 3578 ipsum

279 3593 511 3678 deiecit
573 3594 984 3681 ignominiam
1013 3642 1032 3669 ,
1108 3593 1274 3657 illius
1366 3595 1795 3681 superbissimi
1878 3595 2059 3681 juxta
2130 3593 2324 3682 puni-

279 3695 451 3762 tione
511 3697 823 3763 desiderii.
878 3698 1024 3763 Haec
1073 3698 1264 3788 igitur
1308 3698 1440 3790 ipse
1494 3710 1817 3790 reputans,
1859 3701 2121 3765 consule
2170 3698 2317 3774 tibh

280 3803 670 3870 constituens
715 3817 1021 3894 qnantum
1066 3818 1244 3897 potes
1292 3805 1355 3872 in
1398 3830 1624 3873 securo
1671 3829 1771 3872 res
1817 3819 1986 3884 tuas3
2032 3820 2097 3872 et
2138 3807 2324 3874 stude

278 3933 528 4003 semper
546 3911 882 3986 hummare
906 3927 1089 3988 tuum
1115 3938 1248 3993 cor,
1276 3929 1346 3986 et
1363 3916 1522 3986 illud
1544 3914 1786 3986 hahere
1808 3914 2176 3990 contritum.
