2982 4885
1035 510 1601 557 norm-neonus.
2212 488 2339 565 425

303 628 762 698 confessionem
781 624 1145 692 adduceret.
1167 625 1389 691 Postea
1410 625 1567 689 dicit
1582 623 1640 689 ei
1659 647 1675 688 :
1697 622 2036 703 Quomodo
2053 623 2341 713 jejunas?
2384 636 2391 645 ·

304 733 684 824 Respondit:
702 729 802 797 Ad
828 730 1049 797 horam
1072 752 1325 796 nonam.
1350 730 1515 794 Tum
1539 752 1730 793 senex
1752 752 1769 790 τ
1789 728 2019 817 Jejuna
2043 754 2242 819 usque
2262 732 2344 798 ad

303 861 661 933 vesperam,
709 858 934 902 exerce
980 849 1075 910 te,
1122 835 1463 909 meditare,
1509 856 1581 898 ac
1626 835 2221 913 recitamemoriter
2266 857 2344 902 ex

305 938 641 1032 Evangeflo
660 943 924 1029 aliisque
938 940 1317 1029 scripturis:
1346 961 1622 1025 cumque
1648 952 1711 1003 te
1735 939 1998 1005 subierit
2021 943 2338 1033 cogitatio,

253 1118 270 1131 ,
305 1070 632 1141 nunquam
660 1050 957 1113 deorsum
1002 1057 1249 1134 spectes
1271 1094 1290 1121 ,
1329 1047 1442 1110 sed
1485 1065 1739 1109 sursum
1773 1067 2061 1133 semper:
2098 1047 2344 1111 statim-

304 1176 429 1242 que
452 1152 565 1218 tibi
587 1153 895 1218 Dominus
918 1150 1230 1239 praebebit
1258 1149 1582 1215 auxilium.
1615 1148 1697 1214 Et
1726 1159 2059 1236 postquam
2084 1150 2341 1217 fratrem

305 1256 701 1323 informasset
730 1279 943 1330 senex,
971 1277 1262 1323 reversus
1295 1266 1393 1319 est
1421 1256 1503 1318 ad
1546 1254 1950 1319 solitudinem
1980 1277 2182 1327 suam.
2226 1254 2346 1321 Ubi

305 1361 644 1427 observans
691 1359 922 1424 iterum
976 1360 1145 1424 videt
1182 1360 1537 1423 doemonem
1582 1359 1795 1431 illum,
1830 1358 2043 1445 aitque
2076 1360 2166 1423 ei:
2197 1358 2344 1438 Quo

307 1464 536 1529 iterum
566 1462 1110 1551 pergisPFratres‚
1142 1463 1373 1548 inquit,
1400 1462 1787 1549 instigatum.
1827 1462 2036 1549 Atque
2060 1462 2229 1527 abiit.
2270 1465 2349 1526 Ut

304 1589 459 1632 vero
492 1588 711 1631 rursus
735 1565 1015 1639 transiit,
1052 1565 1407 1630 sciscitatus
1437 1567 1616 1632 illum
1641 1589 1865 1642 senex,
1899 1568 2221 1653 quomodo
2242 1564 2349 1629 ha-

306 1674 535 1739 berent
561 1669 824 1735 fratres?
843 1670 1227 1758 Respondit:
1258 1671 1432 1735 Male.
1476 1672 1556 1736 Et
1586 1693 1809 1736 senex:
1843 1669 2016 1735 Cur?
2044 1670 2342 1735 Daemon:

308 1775 536 1841 Cuncti
559 1775 811 1839 >feroces
840 1785 1024 1847 sunt:
1061 1777 1360 1861 quodque
1384 1775 1566 1862 pejus
1594 1787 1714 1849 est,
1752 1774 1894 1850 ille,
1927 1796 2118 1862 quem
2150 1772 2351 1838 habe·-

304 1882 452 1954 bam
476 1880 781 1953 amicum,
810 1891 874 1943 et
904 1878 1363 1965 obsequentem
1388 1879 1571 1954 mihi,
1607 1879 1742 1968 ipse
1767 1880 1984 1954 etiam,
2011 1880 2183 1944 unde
2215 1901 2350 1943 nes-

306 1988 404 2052 cio
431 2035 449 2062 ,
499 2008 786 2051 reversus
828 1997 955 2059 est,
1007 2006 1126 2048 nec
1166 1986 1436 2072 amplius
1489 2006 1524 2049 a
1568 2007 1671 2050 me
1716 1987 2136 2075 persuadetur
2162 2036 2181 2062 ‚
2235 1985 2349 2051 sed

306 2082 550 2157 cunctis
590 2089 869 2157 ferocior
898 2088 1136 2152 evasit:
1177 2092 1349 2154 unde
1387 2089 1596 2176 juravi
1640 2112 1745 2154 me
1782 2092 2049 2180 amplius
2079 2112 2153 2156 ea
2206 2092 2346 2155 loca

303 2218 434 2263 non
466 2197 862 2260 calcaturum
887 2240 905 2265 ,
939 2193 1059 2256 nisi
1093 2206 1236 2278 post
1263 2207 1532 2281 tempus.
1563 2194 1711 2271 Quo
1748 2195 2183 2281 pronuntiato,
2216 2195 2347 2260 dis-

306 2299 517 2371 cessit,
551 2317 769 2360 senem
801 2294 1181 2379 relinquens.
1228 2295 1413 2359 Tunc
1445 2308 1702 2383 sanctus
1736 2295 1990 2362 intravit
2023 2296 2090 2359 in
2122 2298 2345 2364 cellam

305 2424 507 2471 suam.
1009 2487 1012 2490 Δ

395 2507 498 2573 lv.
551 2504 744 2571 Venit
775 2503 989 2570 Abbas
1019 2502 1332 2569 Macarius
1375 2524 1643 2590 magnus
1689 2503 1769 2566 ad
1809 2502 2123 2568 Abbatem
2155 2500 2351 2568 Anto-

308 2602 486 2681 nium'
516 2612 581 2676 in
610 2622 934 2682 montem:
963 2629 1238 2694 cumque
1263 2609 1578 2695 pulsasset
1608 2606 1864 2683 ostium,
1904 2630 2191 2696 egressus
2221 2620 2342 2684 est,

307 2716 649 2806 petiitque:
675 2716 773 2779 Tu
804 2712 945 2801 quis
965 2713 1077 2778 es?
1097 2714 1208 2778 Ille
1233 2713 1479 2778 autem:
1508 2712 1669 2800 Ego,
1704 2711 1931 2802 inquit,
1971 2734 2111 2777 sum
2134 2712 2349 2778 Maca-

303 2822 458 2887 rius.
503 2821 583 2886 Et
616 2819 775 2885 ostio
814 2821 1062 2893 clauso,
1092 2818 1367 2892 intravit,
1403 2816 1768 2904 relinquens
1797 2841 1966 2883 eum.
2009 2817 2137 2883 Sed
2164 2831 2343 2907 post-

304 2949 496 3015 quam
548 2925 800 3014 agnovit
847 2924 1215 3014 patientiam
1261 2921 1766 3011 ejus,haperuit.
1820 2925 2029 3011 Atque
2076 2948 2225 2990 cum
2263 2938 2340 2991 eo

305 3032 549 3096 urbane
581 3053 796 3119 agens,
829 3029 986 3094 dixit
1014 3052 1031 3093 τ
1058 3027 1111 3094 Α
1143 3031 1348 3094 multo
1381 3042 1669 3116 tempore
1701 3029 1914 3094 videre
1939 3043 2002 3095 te
2031 3032 2341 3096 desidera-

308 3135 488 3210 bam,
526 3134 736 3200 audita
780 3134 870 3199 tui
905 3133 1088 3199 fama.
1130 3133 1210 3198 Et
1241 3133 1639 3223 hospitaliter
1675 3148 2040 3224 susceptum
2072 3135 2339 3210 refecit,

309 3252 442 3304 erat
474 3241 641 3328 enim
673 3264 710 3304 e
739 3242 942 3304 multo
966 3241 1182 3305 labore
1207 3239 1424 3305 fessus.
1451 3225 1962 3329 Vespere‘autetn'
1994 3237 2190 3312 facto,
2216 3239 2343 3304 Ab·

307 3342 421 3408 bas
442 3341 755 3408 Antonius
778 3343 906 3406 sibi‘
923 3341 1264 3405 madefecit
1285 3365 1497 3407 ramos
1519 3346 1897 3430 palmarum.
1921 3340 2028 3406 Ait
2051 3341 2108 3403 ei
2128 3339 2343 3405 Abbas

308 3446 653 3513 Macarius:
682 3444 851 3509 Jubo
883 3455 947 3510 et
970 3464 1088 3526 ego
1117 3442 1275 3504 mibi
1309 3444 1681 3528 intinguam.
1714 3447 1860 3510 llle:
1890 3443 2211 3531 lntingue,
2245 3444 2347 3509 in-

310 3551 468 3637 quit.
506 3547 939 3631 Confectoque
969 3562 1199 3627 magno
1233 3540 1576 3617 fasciculo,
1613 3546 1854 3613 intexit.
1895 3549 2095 3638 Igitur
2118 3549 2347 3614 seden-

312 3667 406 3719 tes
430 3677 464 3717 a
493 3671 754 3737 vespera
776 3694 795 3722 ,
829 3644 1129 3711 collocuti
1170 3645 1250 3709 de
1283 3645 1637 3710 animarum
1675 3650 1899 3725 salute,
1946 3651 2345 3738 plectebant:

311 3758 520 3847 plecta
570 3763 782 3816 autem
825 3769 942 3839 per
984 3749 1320 3813 fenestram
1365 3748 1793 3819 descendebat
1835 3752 1899 3818 in
1953 3756 2338 3842 speluncam.

312 3862 393 3927 Et
423 3879 611 3925 mane
635 3854 993 3945 ingrediens
1024 3853 1250 3918 beatus
1281 3854 1621 3932 Antonius,
1647 3856 1802 3925 vidit
1832 3860 2054 3949 plecta:
2086 3859 2349 3929 Abbatis
