<?xml version="1.0" encoding="UTF-8"?>
<!DOCTYPE html PUBLIC "-//W3C//DTD XHTML 1.0 Transitional//EN"
    "http://www.w3.org/TR/xhtml1/DTD/xhtml1-transitional.dtd">
<html xmlns="http://www.w3.org/1999/xhtml" xml:lang="en" lang="en">
 <head>
  <title>
</title>
<meta http-equiv="Content-Type" content="text/html;charset=utf-8" />
  <meta name='ocr-system' content='tesseract 3.04.00' />
  <meta name='ocr-capabilities' content='ocr_page ocr_carea ocr_par ocr_line ocrx_word'/>
</head>
<body>
  <div class='ocr_page' id='page_1' title='image "./sanctorummacari00egypgoog_0045.png"; bbox 0 0 2982 4885; ppageno 0'>
   <div class='ocr_carea' id='block_1_1' title="bbox 1114 505 2344 591">
    <p class='ocr_par' dir='ltr' id='par_1_1' title="bbox 1114 505 2344 591">
     <span class='ocr_line' id='line_1_1' title="bbox 1114 505 2344 591; baseline 0.011 -39"><span class='ocrx_word' id='word_1_1' title='bbox 1114 505 1379 557; x_wconf 65' lang='lat' dir='ltr'><strong>Hom-IL</strong></span> <span class='ocrx_word' id='word_1_2' title='bbox 1423 511 1522 563; x_wconf 83' lang='lat' dir='ltr'><strong>m.</strong></span> <span class='ocrx_word' id='word_1_3' title='bbox 1599 572 1611 583; x_wconf 87' lang='lat'><strong>.</strong></span> <span class='ocrx_word' id='word_1_4' title='bbox 2257 520 2344 591; x_wconf 71' lang='lat'><strong>29</strong></span> 
     </span>
    </p>
   </div>
   <div class='ocr_carea' id='block_1_2' title="bbox 206 613 2398 3984">
    <p class='ocr_par' dir='ltr' id='par_1_2' title="bbox 206 613 2398 2931">
     <span class='ocr_line' id='line_1_2' title="bbox 292 613 2338 725; baseline 0.012 -46"><span class='ocrx_word' id='word_1_5' title='bbox 292 613 602 682; x_wconf 79' lang='lat' dir='ltr'><strong>radicitus</strong></span> <span class='ocrx_word' id='word_1_6' title='bbox 632 619 900 686; x_wconf 83' lang='lat' dir='ltr'><strong>evellere</strong></span> <span class='ocrx_word' id='word_1_7' title='bbox 922 619 1094 717; x_wconf 82' lang='lat' dir='ltr'><strong>,boc</strong></span> <span class='ocrx_word' id='word_1_8' title='bbox 1126 626 1337 694; x_wconf 81' lang='lat' dir='ltr'><strong>divina</strong></span> <span class='ocrx_word' id='word_1_9' title='bbox 1367 630 1575 696; x_wconf 85' lang='lat' dir='ltr'><strong>solum</strong></span> <span class='ocrx_word' id='word_1_10' title='bbox 1599 628 1834 697; x_wconf 84' lang='lat' dir='ltr'><strong>virtute</strong></span> <span class='ocrx_word' id='word_1_11' title='bbox 1855 631 2181 701; x_wconf 84' lang='lat' dir='ltr'><strong>emendari</strong></span> <span class='ocrx_word' id='word_1_12' title='bbox 2219 658 2338 725; x_wconf 91' lang='lat' dir='ltr'><strong>po-</strong></span> 
     </span>
     <span class='ocr_line' id='line_1_3' title="bbox 206 721 2333 831; baseline 0.011 -47"><span class='ocrx_word' id='word_1_13' title='bbox 206 794 219 800; x_wconf 44' lang='grc'>,</span> <span class='ocrx_word' id='word_1_14' title='bbox 291 731 438 786; x_wconf 84' lang='lat' dir='ltr'><strong>test.</strong></span> <span class='ocrx_word' id='word_1_15' title='bbox 478 721 617 789; x_wconf 88' lang='lat' dir='ltr'><strong>Non</strong></span> <span class='ocrx_word' id='word_1_16' title='bbox 647 725 798 790; x_wconf 86' lang='lat' dir='ltr'><strong>licet</strong></span> <span class='ocrx_word' id='word_1_17' title='bbox 830 727 1041 804; x_wconf 84' lang='lat' dir='ltr'><strong>enim,</strong></span> <span class='ocrx_word' id='word_1_18' title='bbox 1089 753 1300 820; x_wconf 87' lang='lat' dir='ltr'><strong>neque</strong></span> <span class='ocrx_word' id='word_1_19' title='bbox 1330 737 1631 823; x_wconf 87' lang='lat' dir='ltr'><strong>possibile</strong></span> <span class='ocrx_word' id='word_1_20' title='bbox 1665 751 1762 804; x_wconf 84' lang='lat' dir='ltr'><strong>est</strong></span> <span class='ocrx_word' id='word_1_21' title='bbox 1792 736 2040 831; x_wconf 86' lang='lat' dir='ltr'><strong>bomini</strong></span> <span class='ocrx_word' id='word_1_22' title='bbox 2061 742 2333 830; x_wconf 84' lang='lat' dir='ltr'><strong>propriis</strong></span> 
     </span>
     <span class='ocr_line' id='line_1_4' title="bbox 290 826 2398 935; baseline 0.01 -43"><span class='ocrx_word' id='word_1_23' title='bbox 290 826 530 895; x_wconf 79' lang='lat' dir='ltr'><strong>viribus</strong></span> <span class='ocrx_word' id='word_1_24' title='bbox 552 831 867 921; x_wconf 83' lang='lat' dir='ltr'><strong>extirpare</strong></span> <span class='ocrx_word' id='word_1_25' title='bbox 891 850 1249 923; x_wconf 78' lang='lat' dir='ltr'><strong>peccatum.</strong></span> <span class='ocrx_word' id='word_1_26' title='bbox 1278 839 1602 908; x_wconf 89' lang='lat' dir='ltr'><strong>Reluctari</strong></span> <span class='ocrx_word' id='word_1_27' title='bbox 1629 844 1913 932; x_wconf 88' lang='lat' dir='ltr'><strong>quidem,</strong></span> <span class='ocrx_word' id='word_1_28' title='bbox 1940 868 2290 935; x_wconf 81' lang='lat' dir='ltr'><strong>repugnare</strong></span> <span class='ocrx_word' id='word_1_29' title='bbox 2310 896 2331 925; x_wconf 88' lang='lat'><strong><em>,</em></strong></span> <span class='ocrx_word' id='word_1_30' title='bbox 2391 922 2398 928; x_wconf 28' lang='lat'><em>¹</em></span> 
     </span>
     <span class='ocr_line' id='line_1_5' title="bbox 289 936 2331 1025; baseline 0.01 -27"><span class='ocrx_word' id='word_1_31' title='bbox 289 936 569 1025; x_wconf 84' lang='lat' dir='ltr'><strong>caedere,</strong></span> <span class='ocrx_word' id='word_1_32' title='bbox 602 939 923 1004; x_wconf 80' lang='lat' dir='ltr'><strong>vulnerari</strong></span> <span class='ocrx_word' id='word_1_33' title='bbox 946 940 1009 1008; x_wconf 92' lang='lat' dir='ltr'><strong>in</strong></span> <span class='ocrx_word' id='word_1_34' title='bbox 1042 943 1165 1008; x_wconf 84' lang='lat' dir='ltr'><strong>tuis</strong></span> <span class='ocrx_word' id='word_1_35' title='bbox 1192 944 1432 1011; x_wconf 83' lang='lat' dir='ltr'><strong>viribus</strong></span> <span class='ocrx_word' id='word_1_36' title='bbox 1454 959 1586 1023; x_wconf 80' lang='lat' dir='ltr'><strong>est3</strong></span> <span class='ocrx_word' id='word_1_37' title='bbox 1612 948 1936 1015; x_wconf 84' lang='lat' dir='ltr'><strong>eradicare</strong></span> <span class='ocrx_word' id='word_1_38' title='bbox 1966 972 2114 1016; x_wconf 79' lang='lat' dir='ltr'><strong>vero</strong></span> <span class='ocrx_word' id='word_1_39' title='bbox 2139 953 2331 1018; x_wconf 73' lang='lat' dir='ltr'><strong>solius</strong></span> 
     </span>
     <span class='ocr_line' id='line_1_6' title="bbox 286 1033 2328 1141; baseline 0.009 -36"><span class='ocrx_word' id='word_1_40' title='bbox 286 1033 406 1105; x_wconf 91' lang='lat' dir='ltr'><strong>Dei</strong></span> <span class='ocrx_word' id='word_1_41' title='bbox 440 1051 555 1107; x_wconf 81' lang='lat' dir='ltr'><strong>est.</strong></span> <span class='ocrx_word' id='word_1_42' title='bbox 596 1038 664 1107; x_wconf 90' lang='lat' dir='ltr'><strong>Si</strong></span> <span class='ocrx_word' id='word_1_43' title='bbox 699 1044 936 1110; x_wconf 88' lang='lat' dir='ltr'><strong>etenim</strong></span> <span class='ocrx_word' id='word_1_44' title='bbox 977 1045 1103 1112; x_wconf 91' lang='lat' dir='ltr'><strong>hoc</strong></span> <span class='ocrx_word' id='word_1_45' title='bbox 1146 1063 1447 1137; x_wconf 68' lang='lat' dir='ltr'><strong>praestare</strong></span> <span class='ocrx_word' id='word_1_46' title='bbox 1480 1052 1547 1117; x_wconf 90' lang='lat' dir='ltr'><strong>in</strong></span> <span class='ocrx_word' id='word_1_47' title='bbox 1586 1064 1691 1117; x_wconf 85' lang='lat' dir='ltr'><strong>tua</strong></span> <span class='ocrx_word' id='word_1_48' title='bbox 1725 1065 2037 1141; x_wconf 75' lang='lat' dir='ltr'><strong>potestate</strong></span> <span class='ocrx_word' id='word_1_49' title='bbox 2065 1055 2285 1125; x_wconf 80' lang='lat' dir='ltr'><strong>suisset</strong></span> <span class='ocrx_word' id='word_1_50' title='bbox 2311 1105 2328 1136; x_wconf 88' lang='lat'><strong>,</strong></span> 
     </span>
     <span class='ocr_line' id='line_1_7' title="bbox 285 1145 2331 1236; baseline 0.011 -28"><span class='ocrx_word' id='word_1_51' title='bbox 285 1145 440 1231; x_wconf 89' lang='lat' dir='ltr'><strong>quid</strong></span> <span class='ocrx_word' id='word_1_52' title='bbox 463 1170 621 1236; x_wconf 83' lang='lat' dir='ltr'><strong>opus</strong></span> <span class='ocrx_word' id='word_1_53' title='bbox 651 1149 869 1235; x_wconf 67' lang='lat' dir='ltr'><strong>fuisset</strong></span> <span class='ocrx_word' id='word_1_54' title='bbox 895 1153 1204 1223; x_wconf 84' lang='lat' dir='ltr'><strong>adventus</strong></span> <span class='ocrx_word' id='word_1_55' title='bbox 1227 1157 1487 1223; x_wconf 87' lang='lat' dir='ltr'>Domini</span> <span class='ocrx_word' id='word_1_56' title='bbox 1512 1158 1541 1225; x_wconf 70' lang='lat' dir='ltr'><strong>P</strong></span> <span class='ocrx_word' id='word_1_57' title='bbox 1562 1158 1838 1225; x_wconf 85' lang='lat' dir='ltr'><strong>Perinde</strong></span> <span class='ocrx_word' id='word_1_58' title='bbox 1863 1162 2033 1226; x_wconf 90' lang='lat' dir='ltr'><strong>enim</strong></span> <span class='ocrx_word' id='word_1_59' title='bbox 2053 1210 2075 1236; x_wconf 85' lang='lat'>‚</span> <span class='ocrx_word' id='word_1_60' title='bbox 2110 1176 2181 1228; x_wconf 89' lang='lat' dir='ltr'><strong>ut</strong></span> <span class='ocrx_word' id='word_1_61' title='bbox 2204 1186 2331 1229; x_wconf 90' lang='lat' dir='ltr'><strong>non</strong></span> 
     </span>
     <span class='ocr_line' id='line_1_8' title="bbox 285 1251 2329 1356; baseline 0.009 -40"><span class='ocrx_word' id='word_1_62' title='bbox 285 1251 439 1316; x_wconf 90' lang='lat' dir='ltr'><strong>licet</strong></span> <span class='ocrx_word' id='word_1_63' title='bbox 462 1255 718 1320; x_wconf 89' lang='lat' dir='ltr'><strong>oculum</strong></span> <span class='ocrx_word' id='word_1_64' title='bbox 751 1258 988 1345; x_wconf 87' lang='lat' dir='ltr'><strong>absque</strong></span> <span class='ocrx_word' id='word_1_65' title='bbox 1018 1261 1163 1326; x_wconf 89' lang='lat' dir='ltr'><strong>luce</strong></span> <span class='ocrx_word' id='word_1_66' title='bbox 1188 1262 1405 1329; x_wconf 84' lang='lat' dir='ltr'><strong>videre</strong></span> <span class='ocrx_word' id='word_1_67' title='bbox 1429 1312 1448 1340; x_wconf 85' lang='lat'>,</span> <span class='ocrx_word' id='word_1_68' title='bbox 1478 1276 1589 1329; x_wconf 86' lang='lat' dir='ltr'><strong>aut</strong></span> <span class='ocrx_word' id='word_1_69' title='bbox 1617 1264 1793 1353; x_wconf 89' lang='lat' dir='ltr'><strong>loqui</strong></span> <span class='ocrx_word' id='word_1_70' title='bbox 1817 1266 2059 1354; x_wconf 84' lang='lat' dir='ltr'><strong>absque</strong></span> <span class='ocrx_word' id='word_1_71' title='bbox 2081 1268 2329 1356; x_wconf 80' lang='lat' dir='ltr'><strong>lingna,</strong></span> 
     </span>
     <span class='ocr_line' id='line_1_9' title="bbox 287 1361 2326 1462; baseline 0.009 -42"><span class='ocrx_word' id='word_1_72' title='bbox 287 1369 396 1421; x_wconf 89' lang='lat' dir='ltr'><strong>aut</strong></span> <span class='ocrx_word' id='word_1_73' title='bbox 426 1361 645 1426; x_wconf 89' lang='lat' dir='ltr'><strong>audire</strong></span> <span class='ocrx_word' id='word_1_74' title='bbox 681 1362 916 1450; x_wconf 87' lang='lat' dir='ltr'><strong>absque</strong></span> <span class='ocrx_word' id='word_1_75' title='bbox 947 1367 1207 1432; x_wconf 88' lang='lat' dir='ltr'><strong>auribus</strong></span> <span class='ocrx_word' id='word_1_76' title='bbox 1227 1416 1248 1444; x_wconf 85' lang='lat'>,</span> <span class='ocrx_word' id='word_1_77' title='bbox 1283 1381 1393 1433; x_wconf 85' lang='lat' dir='ltr'><strong>aut</strong></span> <span class='ocrx_word' id='word_1_78' title='bbox 1427 1370 1726 1436; x_wconf 79' lang='lat' dir='ltr'><strong>incedere</strong></span> <span class='ocrx_word' id='word_1_79' title='bbox 1755 1372 1993 1462; x_wconf 80' lang='lat' dir='ltr'><strong>absque</strong></span> <span class='ocrx_word' id='word_1_80' title='bbox 2020 1369 2326 1461; x_wconf 71' lang='lat' dir='ltr'><strong>pedibuS.</strong></span> 
     </span>
     <span class='ocr_line' id='line_1_10' title="bbox 286 1462 2332 1566; baseline 0.009 -42"><span class='ocrx_word' id='word_1_81' title='bbox 286 1473 396 1527; x_wconf 81' lang='lat' dir='ltr'><strong>aut</strong></span> <span class='ocrx_word' id='word_1_82' title='bbox 446 1462 696 1531; x_wconf 86' lang='lat' dir='ltr'><strong>labores</strong></span> <span class='ocrx_word' id='word_1_83' title='bbox 746 1468 1026 1555; x_wconf 79' lang='lat' dir='ltr'><strong>perferre</strong></span> <span class='ocrx_word' id='word_1_84' title='bbox 1085 1471 1324 1560; x_wconf 80' lang='lat' dir='ltr'><strong>absque</strong></span> <span class='ocrx_word' id='word_1_85' title='bbox 1381 1474 1676 1538; x_wconf 84' lang='lat' dir='ltr'><strong>manibus</strong></span> <span class='ocrx_word' id='word_1_86' title='bbox 1722 1496 1739 1538; x_wconf 74' lang='grc' dir='ltr'><strong><em>ε</em></strong></span> <span class='ocrx_word' id='word_1_87' title='bbox 1782 1475 1872 1539; x_wconf 89' lang='lat' dir='ltr'><strong>sic</strong></span> <span class='ocrx_word' id='word_1_88' title='bbox 1929 1498 2048 1542; x_wconf 88' lang='lat' dir='ltr'><strong>nec</strong></span> <span class='ocrx_word' id='word_1_89' title='bbox 2094 1477 2332 1566; x_wconf 87' lang='lat' dir='ltr'><strong>absque</strong></span> 
     </span>
     <span class='ocr_line' id='line_1_11' title="bbox 280 1564 2358 1664; baseline 0.007 -33"><span class='ocrx_word' id='word_1_90' title='bbox 280 1564 320 1631; x_wconf 81' lang='lat' dir='ltr'>J</span> <span class='ocrx_word' id='word_1_91' title='bbox 326 1590 441 1631; x_wconf 86' lang='lat' dir='ltr'><strong>esu</strong></span> <span class='ocrx_word' id='word_1_92' title='bbox 463 1570 731 1643; x_wconf 81' lang='lat' dir='ltr'><strong>salvari,</strong></span> <span class='ocrx_word' id='word_1_93' title='bbox 764 1585 874 1663; x_wconf 84' lang='lat' dir='ltr'><strong>aut</strong></span> <span class='ocrx_word' id='word_1_94' title='bbox 905 1596 1174 1658; x_wconf 80' lang='lat' dir='ltr'><strong>regnum</strong></span> <span class='ocrx_word' id='word_1_95' title='bbox 1198 1578 1513 1639; x_wconf 86' lang='lat' dir='ltr'><strong>coelorum</strong></span> <span class='ocrx_word' id='word_1_96' title='bbox 1544 1577 1787 1664; x_wconf 80' lang='lat' dir='ltr'><strong>ingredi</strong></span> <span class='ocrx_word' id='word_1_97' title='bbox 1814 1591 2011 1664; x_wconf 84' lang='lat' dir='ltr'><strong>potes.</strong></span> <span class='ocrx_word' id='word_1_98' title='bbox 2051 1579 2247 1657; x_wconf 87' lang='lat' dir='ltr'><strong>Quod</strong></span> <span class='ocrx_word' id='word_1_99' title='bbox 2276 1582 2358 1646; x_wconf 45' lang='lat' dir='ltr'><strong>si*</strong></span> 
     </span>
     <span class='ocr_line' id='line_1_12' title="bbox 286 1670 2331 1770; baseline 0.008 -35"><span class='ocrx_word' id='word_1_100' title='bbox 286 1670 486 1745; x_wconf 85' lang='lat' dir='ltr'><strong>dicas,</strong></span> <span class='ocrx_word' id='word_1_101' title='bbox 523 1672 851 1739; x_wconf 83' lang='lat' dir='ltr'><strong>Manifesto</strong></span> <span class='ocrx_word' id='word_1_102' title='bbox 879 1688 1101 1764; x_wconf 86' lang='lat' dir='ltr'><strong>stupro</strong></span> <span class='ocrx_word' id='word_1_103' title='bbox 1133 1688 1244 1743; x_wconf 80' lang='lat' dir='ltr'><strong>aut</strong></span> <span class='ocrx_word' id='word_1_104' title='bbox 1266 1678 1580 1745; x_wconf 87' lang='lat' dir='ltr'><strong>adulterio</strong></span> <span class='ocrx_word' id='word_1_105' title='bbox 1605 1701 1713 1746; x_wconf 90' lang='lat' dir='ltr'><strong>me</strong></span> <span class='ocrx_word' id='word_1_106' title='bbox 1750 1703 1878 1746; x_wconf 89' lang='lat' dir='ltr'><strong>non</strong></span> <span class='ocrx_word' id='word_1_107' title='bbox 1912 1683 2168 1770; x_wconf 87' lang='lat' dir='ltr'><strong>polluo,</strong></span> <span class='ocrx_word' id='word_1_108' title='bbox 2210 1706 2331 1751; x_wconf 85' lang='lat' dir='ltr'><strong>nec</strong></span> 
     </span>
     <span class='ocr_line' id='line_1_13' title="bbox 281 1776 2323 1873; baseline 0.006 -31"><span class='ocrx_word' id='word_1_109' title='bbox 281 1776 558 1842; x_wconf 79' lang='lat' dir='ltr'><strong>avaritiae</strong></span> <span class='ocrx_word' id='word_1_110' title='bbox 598 1777 841 1843; x_wconf 85' lang='lat' dir='ltr'><strong>crimen</strong></span> <span class='ocrx_word' id='word_1_111' title='bbox 879 1778 1175 1859; x_wconf 90' lang='lat' dir='ltr'><strong>incurro,</strong></span> <span class='ocrx_word' id='word_1_112' title='bbox 1214 1804 1609 1869; x_wconf 85' lang='lat' dir='ltr'><strong>consequens</strong></span> <span class='ocrx_word' id='word_1_113' title='bbox 1641 1795 1776 1860; x_wconf 82' lang='lat' dir='ltr'><strong>est,</strong></span> <span class='ocrx_word' id='word_1_114' title='bbox 1822 1797 1895 1851; x_wconf 87' lang='lat' dir='ltr'><strong>ut</strong></span> <span class='ocrx_word' id='word_1_115' title='bbox 1919 1785 2128 1873; x_wconf 83' lang='lat' dir='ltr'><strong>justus</strong></span> <span class='ocrx_word' id='word_1_116' title='bbox 2158 1787 2323 1855; x_wconf 86' lang='lat' dir='ltr'><strong>sim:</strong></span> 
     </span>
     <span class='ocr_line' id='line_1_14' title="bbox 279 1884 2325 1979; baseline 0.004 -29"><span class='ocrx_word' id='word_1_117' title='bbox 279 1896 413 1950; x_wconf 89' lang='lat' dir='ltr'><strong>toto</strong></span> <span class='ocrx_word' id='word_1_118' title='bbox 453 1887 618 1950; x_wconf 85' lang='lat' dir='ltr'><strong>coelo</strong></span> <span class='ocrx_word' id='word_1_119' title='bbox 662 1884 767 1951; x_wconf 89' lang='lat' dir='ltr'><strong>hic</strong></span> <span class='ocrx_word' id='word_1_120' title='bbox 814 1886 1071 1952; x_wconf 80' lang='lat' dir='ltr'><strong>aberras</strong></span> <span class='ocrx_word' id='word_1_121' title='bbox 1102 1936 1124 1963; x_wconf 88' lang='lat'><em>,</em></span> <span class='ocrx_word' id='word_1_122' title='bbox 1166 1899 1398 1977; x_wconf 80' lang='lat' dir='ltr'><strong>putans</strong></span> <span class='ocrx_word' id='word_1_123' title='bbox 1436 1900 1502 1955; x_wconf 89' lang='lat' dir='ltr'><strong>te</strong></span> <span class='ocrx_word' id='word_1_124' title='bbox 1538 1889 1750 1954; x_wconf 88' lang='lat' dir='ltr'><strong>omnia</strong></span> <span class='ocrx_word' id='word_1_125' title='bbox 1782 1890 2136 1979; x_wconf 71' lang='lat' dir='ltr'><strong>perfecisse.</strong></span> <span class='ocrx_word' id='word_1_126' title='bbox 2183 1892 2325 1959; x_wconf 90' lang='lat' dir='ltr'><strong>Non</strong></span> 
     </span>
     <span class='ocr_line' id='line_1_15' title="bbox 277 1992 2324 2083; baseline 0.005 -30"><span class='ocrx_word' id='word_1_127' title='bbox 277 2002 427 2054; x_wconf 80' lang='lat' dir='ltr'><strong>sunt</strong></span> <span class='ocrx_word' id='word_1_128' title='bbox 470 1992 676 2055; x_wconf 88' lang='lat' dir='ltr'><strong>solum</strong></span> <span class='ocrx_word' id='word_1_129' title='bbox 724 2002 849 2056; x_wconf 83' lang='lat' dir='ltr'><strong>tres</strong></span> <span class='ocrx_word' id='word_1_130' title='bbox 891 1993 1133 2081; x_wconf 86' lang='lat' dir='ltr'><strong>species</strong></span> <span class='ocrx_word' id='word_1_131' title='bbox 1176 1993 1424 2082; x_wconf 87' lang='lat' dir='ltr'><strong>peccati</strong></span> <span class='ocrx_word' id='word_1_132' title='bbox 1460 2041 1479 2069; x_wconf 85' lang='lat'>,</span> <span class='ocrx_word' id='word_1_133' title='bbox 1534 1995 1830 2060; x_wconf 81' lang='lat' dir='ltr'><strong>adversus</strong></span> <span class='ocrx_word' id='word_1_134' title='bbox 1867 2017 2024 2082; x_wconf 84' lang='lat' dir='ltr'><strong>quas</strong></span> <span class='ocrx_word' id='word_1_135' title='bbox 2071 1995 2213 2083; x_wconf 89' lang='lat' dir='ltr'><strong>quis</strong></span> <span class='ocrx_word' id='word_1_136' title='bbox 2256 2020 2324 2063; x_wconf 83' lang='lat' dir='ltr'><strong>se</strong></span> 
     </span>
     <span class='ocr_line' id='line_1_16' title="bbox 275 2097 2322 2189; baseline 0.002 -26"><span class='ocrx_word' id='word_1_137' title='bbox 275 2099 522 2163; x_wconf 83' lang='lat' dir='ltr'><strong>muniat</strong></span> <span class='ocrx_word' id='word_1_138' title='bbox 557 2109 846 2188; x_wconf 82' lang='lat' dir='ltr'><strong>oportet,</strong></span> <span class='ocrx_word' id='word_1_139' title='bbox 879 2097 989 2165; x_wconf 83' lang='lat' dir='ltr'><strong>sed</strong></span> <span class='ocrx_word' id='word_1_140' title='bbox 1014 2098 1294 2166; x_wconf 72' lang='lat' dir='ltr'><strong>infinitae.</strong></span> <span class='ocrx_word' id='word_1_141' title='bbox 1327 2101 1730 2189; x_wconf 80' lang='lat' dir='ltr'><strong>Arrogantia,</strong></span> <span class='ocrx_word' id='word_1_142' title='bbox 1771 2102 2119 2178; x_wconf 81' lang='lat' dir='ltr'><strong>temeritas,</strong></span> <span class='ocrx_word' id='word_1_143' title='bbox 2153 2102 2322 2168; x_wconf 82' lang='lat' dir='ltr'><strong>diffi-</strong></span> 
     </span>
     <span class='ocr_line' id='line_1_17' title="bbox 276 2204 2326 2296; baseline 0.003 -28"><span class='ocrx_word' id='word_1_144' title='bbox 276 2204 531 2282; x_wconf 87' lang='lat' dir='ltr'><strong>dentia,</strong></span> <span class='ocrx_word' id='word_1_145' title='bbox 588 2207 838 2283; x_wconf 85' lang='lat' dir='ltr'><strong>odium,</strong></span> <span class='ocrx_word' id='word_1_146' title='bbox 900 2208 1132 2273; x_wconf 82' lang='lat' dir='ltr'><strong>invidia</strong></span> <span class='ocrx_word' id='word_1_147' title='bbox 1159 2257 1180 2285; x_wconf 87' lang='lat'><em>,</em></span> <span class='ocrx_word' id='word_1_148' title='bbox 1230 2207 1439 2284; x_wconf 80' lang='lat' dir='ltr'><strong>fraus,</strong></span> <span class='ocrx_word' id='word_1_149' title='bbox 1493 2208 1848 2296; x_wconf 76' lang='lat' dir='ltr'><strong>hypocrisis</strong></span> <span class='ocrx_word' id='word_1_150' title='bbox 1899 2213 2072 2278; x_wconf 88' lang='lat' dir='ltr'><strong>unde</strong></span> <span class='ocrx_word' id='word_1_151' title='bbox 2124 2212 2326 2277; x_wconf 78' lang='lat' dir='ltr'><strong>sunt?</strong></span> 
     </span>
     <span class='ocr_line' id='line_1_18' title="bbox 274 2312 2316 2402; baseline 0.001 -24"><span class='ocrx_word' id='word_1_152' title='bbox 274 2312 502 2379; x_wconf 87' lang='lat' dir='ltr'><strong>Nonne</strong></span> <span class='ocrx_word' id='word_1_153' title='bbox 546 2312 665 2375; x_wconf 91' lang='lat' dir='ltr'><strong>tibi</strong></span> <span class='ocrx_word' id='word_1_154' title='bbox 711 2314 1007 2377; x_wconf 81' lang='lat' dir='ltr'><strong>adversus</strong></span> <span class='ocrx_word' id='word_1_155' title='bbox 1049 2314 1188 2377; x_wconf 80' lang='lat' dir='ltr'><strong>haec</strong></span> <span class='ocrx_word' id='word_1_156' title='bbox 1226 2325 1554 2378; x_wconf 85' lang='lat' dir='ltr'><strong>certamen</strong></span> <span class='ocrx_word' id='word_1_157' title='bbox 1598 2324 1664 2377; x_wconf 83' lang='lat' dir='ltr'><strong>et</strong></span> <span class='ocrx_word' id='word_1_158' title='bbox 1704 2337 1916 2402; x_wconf 85' lang='lat' dir='ltr'><strong>pugna</strong></span> <span class='ocrx_word' id='word_1_159' title='bbox 1951 2315 2015 2380; x_wconf 89' lang='lat' dir='ltr'><strong>in</strong></span> <span class='ocrx_word' id='word_1_160' title='bbox 2052 2315 2316 2380; x_wconf 80' lang='lat' dir='ltr'><strong>secretis</strong></span> 
     </span>
     <span class='ocr_line' id='line_1_19' title="bbox 272 2416 2320 2508; baseline 0.001 -24"><span class='ocrx_word' id='word_1_161' title='bbox 272 2421 401 2488; x_wconf 83' lang='lat' dir='ltr'><strong>tuis</strong></span> <span class='ocrx_word' id='word_1_162' title='bbox 434 2416 925 2508; x_wconf 77' lang='lat' dir='ltr'><strong>cogitationibus</strong></span> <span class='ocrx_word' id='word_1_163' title='bbox 958 2416 1234 2480; x_wconf 84' lang='lat' dir='ltr'><strong>ineunda</strong></span> <span class='ocrx_word' id='word_1_164' title='bbox 1264 2417 1402 2479; x_wconf 84' lang='lat' dir='ltr'><strong>est?</strong></span> <span class='ocrx_word' id='word_1_165' title='bbox 1443 2416 2003 2494; x_wconf 81' lang='lat' dir='ltr'><strong>Quemadmodum</strong></span> <span class='ocrx_word' id='word_1_166' title='bbox 2055 2421 2108 2484; x_wconf 84' lang='lat' dir='ltr'><strong>si</strong></span> <span class='ocrx_word' id='word_1_167' title='bbox 2157 2421 2320 2486; x_wconf 82' lang='lat' dir='ltr'><strong>latro</strong></span> 
     </span>
     <span class='ocr_line' id='line_1_20' title="bbox 276 2516 2318 2606; baseline -0.002 -15"><span class='ocrx_word' id='word_1_168' title='bbox 276 2528 541 2591; x_wconf 87' lang='lat' dir='ltr'><strong>domum</strong></span> <span class='ocrx_word' id='word_1_169' title='bbox 584 2535 763 2588; x_wconf 86' lang='lat' dir='ltr'><strong>tuam</strong></span> <span class='ocrx_word' id='word_1_170' title='bbox 802 2519 1145 2592; x_wconf 78' lang='lat' dir='ltr'><strong>invaserit,</strong></span> <span class='ocrx_word' id='word_1_171' title='bbox 1188 2516 1324 2604; x_wconf 85' lang='lat' dir='ltr'><strong>jam</strong></span> <span class='ocrx_word' id='word_1_172' title='bbox 1362 2529 1433 2583; x_wconf 81' lang='lat' dir='ltr'><strong>te</strong></span> <span class='ocrx_word' id='word_1_173' title='bbox 1475 2517 1765 2583; x_wconf 83' lang='lat' dir='ltr'><strong>molestia</strong></span> <span class='ocrx_word' id='word_1_174' title='bbox 1807 2540 2033 2606; x_wconf 81' lang='lat' dir='ltr'><strong>magna</strong></span> <span class='ocrx_word' id='word_1_175' title='bbox 2079 2523 2271 2588; x_wconf 84' lang='lat' dir='ltr'><strong>afficit</strong></span> <span class='ocrx_word' id='word_1_176' title='bbox 2299 2573 2318 2599; x_wconf 89' lang='lat'><strong>,</strong></span> 
     </span>
     <span class='ocr_line' id='line_1_21' title="bbox 275 2621 2323 2717; baseline -0.003 -20"><span class='ocrx_word' id='word_1_177' title='bbox 275 2654 398 2697; x_wconf 88' lang='lat' dir='ltr'><strong>nec</strong></span> <span class='ocrx_word' id='word_1_178' title='bbox 436 2643 502 2696; x_wconf 85' lang='lat' dir='ltr'><strong>te</strong></span> <span class='ocrx_word' id='word_1_179' title='bbox 545 2649 819 2693; x_wconf 79' lang='lat' dir='ltr'><strong>vacuum</strong></span> <span class='ocrx_word' id='word_1_180' title='bbox 857 2647 994 2693; x_wconf 88' lang='lat' dir='ltr'><strong>esse</strong></span> <span class='ocrx_word' id='word_1_181' title='bbox 1029 2623 1198 2690; x_wconf 90' lang='lat' dir='ltr'><strong>curis</strong></span> <span class='ocrx_word' id='word_1_182' title='bbox 1228 2623 1417 2696; x_wconf 68' lang='lat' dir='ltr'><strong>sinits</strong></span> <span class='ocrx_word' id='word_1_183' title='bbox 1458 2621 1684 2711; x_wconf 87' lang='lat' dir='ltr'><strong>incipis</strong></span> <span class='ocrx_word' id='word_1_184' title='bbox 1716 2645 1866 2688; x_wconf 77' lang='lat' dir='ltr'><strong>vero</strong></span> <span class='ocrx_word' id='word_1_185' title='bbox 1896 2635 1962 2690; x_wconf 90' lang='lat' dir='ltr'><strong>et</strong></span> <span class='ocrx_word' id='word_1_186' title='bbox 1988 2636 2056 2691; x_wconf 89' lang='lat' dir='ltr'><strong>tu</strong></span> <span class='ocrx_word' id='word_1_187' title='bbox 2088 2649 2323 2717; x_wconf 83' lang='lat' dir='ltr'><strong>repug-</strong></span> 
     </span>
     <span class='ocr_line' id='line_1_22' title="bbox 273 2726 2320 2819; baseline -0 -17"><span class='ocrx_word' id='word_1_188' title='bbox 273 2758 431 2802; x_wconf 80' lang='lat' dir='ltr'><strong>nare</strong></span> <span class='ocrx_word' id='word_1_189' title='bbox 460 2733 590 2809; x_wconf 89' lang='lat' dir='ltr'><strong>illi,</strong></span> <span class='ocrx_word' id='word_1_190' title='bbox 619 2732 808 2798; x_wconf 83' lang='lat' dir='ltr'><strong>caedis</strong></span> <span class='ocrx_word' id='word_1_191' title='bbox 834 2743 1021 2819; x_wconf 86' lang='lat' dir='ltr'><strong>atque</strong></span> <span class='ocrx_word' id='word_1_192' title='bbox 1055 2726 1317 2795; x_wconf 63' lang='lat' dir='ltr'><strong>caederis</strong></span> <span class='ocrx_word' id='word_1_193' title='bbox 1345 2750 1362 2794; x_wconf 72' lang='grc' dir='ltr'><strong>ε</strong></span> <span class='ocrx_word' id='word_1_194' title='bbox 1391 2728 1481 2794; x_wconf 74' lang='lat' dir='ltr'><strong>ita</strong></span> <span class='ocrx_word' id='word_1_195' title='bbox 1501 2740 1567 2794; x_wconf 88' lang='lat' dir='ltr'><strong>et</strong></span> <span class='ocrx_word' id='word_1_196' title='bbox 1590 2728 1796 2795; x_wconf 85' lang='lat' dir='ltr'><strong>anima</strong></span> <span class='ocrx_word' id='word_1_197' title='bbox 1823 2731 2015 2797; x_wconf 87' lang='lat' dir='ltr'><strong>debet</strong></span> <span class='ocrx_word' id='word_1_198' title='bbox 2036 2731 2320 2819; x_wconf 77' lang='lat' dir='ltr'><strong>referire,</strong></span> 
     </span>
     <span class='ocr_line' id='line_1_23' title="bbox 271 2840 1116 2931; baseline -0.002 -25"><span class='ocrx_word' id='word_1_199' title='bbox 271 2863 626 2931; x_wconf 87' lang='lat' dir='ltr'><strong>repugnare</strong></span> <span class='ocrx_word' id='word_1_200' title='bbox 659 2852 726 2907; x_wconf 90' lang='lat' dir='ltr'><strong>et</strong></span> <span class='ocrx_word' id='word_1_201' title='bbox 755 2840 1116 2904; x_wconf 85' lang='lat' dir='ltr'><strong>retundere.</strong></span> 
     </span>
    </p>

    <p class='ocr_par' dir='ltr' id='par_1_3' title="bbox 262 2943 2320 3984">
     <span class='ocr_line' id='line_1_24' title="bbox 359 2943 2320 3032; baseline 0 -21"><span class='ocrx_word' id='word_1_202' title='bbox 359 2945 433 3013; x_wconf 91' lang='lat' dir='ltr'><strong>V.</strong></span> <span class='ocrx_word' id='word_1_203' title='bbox 489 2947 768 3010; x_wconf 88' lang='lat' dir='ltr'><strong>Demum</strong></span> <span class='ocrx_word' id='word_1_204' title='bbox 810 2965 962 3008; x_wconf 85' lang='lat' dir='ltr'><strong>vero</strong></span> <span class='ocrx_word' id='word_1_205' title='bbox 1007 2944 1300 3007; x_wconf 83' lang='lat' dir='ltr'><strong>voluntas</strong></span> <span class='ocrx_word' id='word_1_206' title='bbox 1344 2962 1705 3030; x_wconf 74' lang='lat' dir='ltr'><strong>repugnans</strong></span> <span class='ocrx_word' id='word_1_207' title='bbox 1728 2991 1747 3017; x_wconf 89' lang='lat'><strong>,</strong></span> <span class='ocrx_word' id='word_1_208' title='bbox 1791 2943 2086 3008; x_wconf 86' lang='lat' dir='ltr'><strong>molestia</strong></span> <span class='ocrx_word' id='word_1_209' title='bbox 2131 2957 2320 3032; x_wconf 82' lang='lat' dir='ltr'><strong>atque</strong></span> 
     </span>
     <span class='ocr_line' id='line_1_25' title="bbox 272 3036 2308 3138; baseline 0.001 -24"><span class='ocrx_word' id='word_1_210' title='bbox 272 3049 610 3116; x_wconf 80' lang='lat' dir='ltr'><strong>afflictione</strong></span> <span class='ocrx_word' id='word_1_211' title='bbox 657 3050 920 3124; x_wconf 86' lang='lat' dir='ltr'><strong>obruta,</strong></span> <span class='ocrx_word' id='word_1_212' title='bbox 961 3036 1183 3137; x_wconf 75' lang='lat' dir='ltr'><strong>incipit</strong></span> <span class='ocrx_word' id='word_1_213' title='bbox 1230 3045 1522 3135; x_wconf 77' lang='lat' dir='ltr'><strong>superior</strong></span> <span class='ocrx_word' id='word_1_214' title='bbox 1560 3044 1735 3123; x_wconf 81' lang='lat' dir='ltr'><strong>fieri,</strong></span> <span class='ocrx_word' id='word_1_215' title='bbox 1769 3048 1989 3128; x_wconf 66' lang='lat' dir='ltr'><strong>eadit,</strong></span> <span class='ocrx_word' id='word_1_216' title='bbox 2025 3048 2308 3138; x_wconf 80' lang='lat' dir='ltr'><strong>erigitur.</strong></span> 
     </span>
     <span class='ocr_line' id='line_1_26' title="bbox 268 3150 2314 3245; baseline -0.001 -22"><span class='ocrx_word' id='word_1_217' title='bbox 268 3153 494 3223; x_wconf 83' lang='lat' dir='ltr'><strong>Denuo</strong></span> <span class='ocrx_word' id='word_1_218' title='bbox 538 3169 879 3245; x_wconf 87' lang='lat' dir='ltr'><strong>peccatum</strong></span> <span class='ocrx_word' id='word_1_219' title='bbox 926 3152 1189 3240; x_wconf 88' lang='lat' dir='ltr'><strong>conjicit</strong></span> <span class='ocrx_word' id='word_1_220' title='bbox 1231 3152 1512 3217; x_wconf 87' lang='lat' dir='ltr'><strong>animam</strong></span> <span class='ocrx_word' id='word_1_221' title='bbox 1555 3150 1624 3215; x_wconf 89' lang='lat' dir='ltr'><strong>in</strong></span> <span class='ocrx_word' id='word_1_222' title='bbox 1665 3151 1892 3216; x_wconf 87' lang='lat' dir='ltr'><strong>decem</strong></span> <span class='ocrx_word' id='word_1_223' title='bbox 1946 3163 2053 3217; x_wconf 86' lang='lat' dir='ltr'><strong>aut</strong></span> <span class='ocrx_word' id='word_1_224' title='bbox 2095 3154 2314 3243; x_wconf 82' lang='lat' dir='ltr'><strong>viginti</strong></span> 
     </span>
     <span class='ocr_line' id='line_1_27' title="bbox 273 3256 2313 3352; baseline -0 -26"><span class='ocrx_word' id='word_1_225' title='bbox 273 3284 644 3352; x_wconf 84' lang='lat' dir='ltr'><strong>congressus</strong></span> <span class='ocrx_word' id='word_1_226' title='bbox 677 3287 697 3338; x_wconf 74' lang='grc' dir='ltr'><strong>ς</strong></span> <span class='ocrx_word' id='word_1_227' title='bbox 745 3259 944 3326; x_wconf 84' lang='lat' dir='ltr'><strong>vincit</strong></span> <span class='ocrx_word' id='word_1_228' title='bbox 994 3259 1270 3323; x_wconf 85' lang='lat' dir='ltr'><strong>animam</strong></span> <span class='ocrx_word' id='word_1_229' title='bbox 1327 3269 1519 3344; x_wconf 85' lang='lat' dir='ltr'><strong>atque</strong></span> <span class='ocrx_word' id='word_1_230' title='bbox 1568 3256 1913 3345; x_wconf 87' lang='lat' dir='ltr'><strong>prosternit</strong></span> <span class='ocrx_word' id='word_1_231' title='bbox 1947 3278 1962 3320; x_wconf 76' lang='lat' dir='ltr'><em>z</em></span> <span class='ocrx_word' id='word_1_232' title='bbox 2000 3269 2066 3321; x_wconf 88' lang='lat' dir='ltr'><strong>et</strong></span> <span class='ocrx_word' id='word_1_233' title='bbox 2106 3257 2313 3325; x_wconf 85' lang='lat' dir='ltr'><strong>anima</strong></span> 
     </span>
     <span class='ocr_line' id='line_1_28' title="bbox 269 3359 2311 3454; baseline -0.002 -24"><span class='ocrx_word' id='word_1_234' title='bbox 269 3368 528 3453; x_wconf 87' lang='lat' dir='ltr'><strong>quidem</strong></span> <span class='ocrx_word' id='word_1_235' title='bbox 563 3367 863 3454; x_wconf 83' lang='lat' dir='ltr'><strong>temporis</strong></span> <span class='ocrx_word' id='word_1_236' title='bbox 895 3364 1223 3429; x_wconf 83' lang='lat' dir='ltr'><strong>intervallo</strong></span> <span class='ocrx_word' id='word_1_237' title='bbox 1245 3359 1603 3428; x_wconf 86' lang='lat' dir='ltr'><strong>decretoria</strong></span> <span class='ocrx_word' id='word_1_238' title='bbox 1634 3382 1845 3449; x_wconf 79' lang='lat' dir='ltr'><strong>pugna</strong></span> <span class='ocrx_word' id='word_1_239' title='bbox 1877 3372 2134 3447; x_wconf 84' lang='lat' dir='ltr'><strong>superat</strong></span> <span class='ocrx_word' id='word_1_240' title='bbox 2156 3383 2311 3450; x_wconf 91' lang='lat' dir='ltr'><strong>pec-</strong></span> 
     </span>
     <span class='ocr_line' id='line_1_29' title="bbox 269 3463 2311 3557; baseline -0.003 -20"><span class='ocrx_word' id='word_1_241' title='bbox 269 3485 503 3538; x_wconf 85' lang='lat' dir='ltr'><strong>catum.</strong></span> <span class='ocrx_word' id='word_1_242' title='bbox 554 3472 832 3540; x_wconf 88' lang='lat' dir='ltr'><strong>Rursum</strong></span> <span class='ocrx_word' id='word_1_243' title='bbox 881 3469 932 3534; x_wconf 88' lang='lat' dir='ltr'><strong>si</strong></span> <span class='ocrx_word' id='word_1_244' title='bbox 973 3468 1320 3557; x_wconf 83' lang='lat' dir='ltr'><strong>perstiterit</strong></span> <span class='ocrx_word' id='word_1_245' title='bbox 1375 3465 1582 3530; x_wconf 84' lang='lat' dir='ltr'><strong>anima</strong></span> <span class='ocrx_word' id='word_1_246' title='bbox 1613 3512 1632 3540; x_wconf 88' lang='lat'>‚</span> <span class='ocrx_word' id='word_1_247' title='bbox 1691 3473 1809 3530; x_wconf 86' lang='lat' dir='ltr'><strong>nec</strong></span> <span class='ocrx_word' id='word_1_248' title='bbox 1848 3463 2206 3553; x_wconf 82' lang='lat' dir='ltr'><strong>languidior</strong></span> <span class='ocrx_word' id='word_1_249' title='bbox 2245 3465 2311 3531; x_wconf 91' lang='lat' dir='ltr'><strong>in</strong></span> 
     </span>
     <span class='ocr_line' id='line_1_30' title="bbox 266 3571 2312 3665; baseline -0.002 -24"><span class='ocrx_word' id='word_1_250' title='bbox 266 3591 464 3665; x_wconf 43' lang='lat' dir='ltr'><strong>parte!</strong></span> <span class='ocrx_word' id='word_1_251' title='bbox 495 3576 701 3664; x_wconf 86' lang='lat' dir='ltr'><strong>aliqua</strong></span> <span class='ocrx_word' id='word_1_252' title='bbox 733 3574 961 3651; x_wconf 82' lang='lat' dir='ltr'><strong>suerit,</strong></span> <span class='ocrx_word' id='word_1_253' title='bbox 1011 3573 1238 3662; x_wconf 87' lang='lat' dir='ltr'><strong>incipit</strong></span> <span class='ocrx_word' id='word_1_254' title='bbox 1288 3572 1579 3660; x_wconf 83' lang='lat' dir='ltr'><strong>superior</strong></span> <span class='ocrx_word' id='word_1_255' title='bbox 1610 3571 1878 3635; x_wconf 83' lang='lat' dir='ltr'><strong>evadere</strong></span> <span class='ocrx_word' id='word_1_256' title='bbox 1903 3617 1923 3644; x_wconf 85' lang='lat'><em>‚</em></span> <span class='ocrx_word' id='word_1_257' title='bbox 1969 3580 2033 3634; x_wconf 87' lang='lat' dir='ltr'><strong>et</strong></span> <span class='ocrx_word' id='word_1_258' title='bbox 2071 3571 2312 3636; x_wconf 87' lang='lat' dir='ltr'><strong>discer-</strong></span> 
     </span>
     <span class='ocr_line' id='line_1_31' title="bbox 268 3671 2307 3771; baseline -0.004 -25"><span class='ocrx_word' id='word_1_259' title='bbox 268 3704 422 3746; x_wconf 87' lang='lat' dir='ltr'><strong>nere</strong></span> <span class='ocrx_word' id='word_1_260' title='bbox 442 3731 459 3757; x_wconf 87' lang='lat'><em>,</em></span> <span class='ocrx_word' id='word_1_261' title='bbox 492 3695 556 3748; x_wconf 87' lang='lat' dir='ltr'><strong>et</strong></span> <span class='ocrx_word' id='word_1_262' title='bbox 578 3693 904 3771; x_wconf 86' lang='lat' dir='ltr'><strong>reportare</strong></span> <span class='ocrx_word' id='word_1_263' title='bbox 934 3681 1176 3768; x_wconf 86' lang='lat' dir='ltr'><strong>palmas</strong></span> <span class='ocrx_word' id='word_1_264' title='bbox 1210 3680 1509 3743; x_wconf 80' lang='lat' dir='ltr'><strong>adversus</strong></span> <span class='ocrx_word' id='word_1_265' title='bbox 1549 3685 1907 3762; x_wconf 87' lang='lat' dir='ltr'><strong>peccatum.</strong></span> <span class='ocrx_word' id='word_1_266' title='bbox 1939 3671 2067 3738; x_wconf 88' lang='lat' dir='ltr'><strong>Sed</strong></span> <span class='ocrx_word' id='word_1_267' title='bbox 2093 3673 2160 3740; x_wconf 89' lang='lat' dir='ltr'><strong>in</strong></span> <span class='ocrx_word' id='word_1_268' title='bbox 2184 3674 2307 3748; x_wconf 87' lang='lat' dir='ltr'><strong>his,</strong></span> 
     </span>
     <span class='ocr_line' id='line_1_32' title="bbox 268 3777 2310 3875; baseline -0.005 -22"><span class='ocrx_word' id='word_1_269' title='bbox 268 3787 321 3853; x_wconf 91' lang='lat' dir='ltr'><strong>si</strong></span> <span class='ocrx_word' id='word_1_270' title='bbox 361 3798 534 3851; x_wconf 87' lang='lat' dir='ltr'><strong>recte</strong></span> <span class='ocrx_word' id='word_1_271' title='bbox 576 3811 675 3853; x_wconf 85' lang='lat' dir='ltr'><strong>res</strong></span> <span class='ocrx_word' id='word_1_272' title='bbox 725 3788 852 3853; x_wconf 84' lang='lat' dir='ltr'><strong>suis</strong></span> <span class='ocrx_word' id='word_1_273' title='bbox 895 3785 1282 3875; x_wconf 88' lang='lat' dir='ltr'><strong>ponderibus</strong></span> <span class='ocrx_word' id='word_1_274' title='bbox 1327 3784 1554 3849; x_wconf 87' lang='lat' dir='ltr'><strong>librata</strong></span> <span class='ocrx_word' id='word_1_275' title='bbox 1602 3780 2037 3854; x_wconf 82' lang='lat' dir='ltr'><strong>examinetur,</strong></span> <span class='ocrx_word' id='word_1_276' title='bbox 2086 3777 2310 3856; x_wconf 74' lang='lat' dir='ltr'><strong>tandiu</strong></span> 
     </span>
     <span class='ocr_line' id='line_1_33' title="bbox 262 3882 2309 3984; baseline -0.007 -22"><span class='ocrx_word' id='word_1_277' title='bbox 262 3903 610 3984; x_wconf 88' lang='lat' dir='ltr'><strong>peceatum</strong></span> <span class='ocrx_word' id='word_1_278' title='bbox 639 3892 962 3959; x_wconf 84' lang='lat' dir='ltr'><strong>hominem</strong></span> <span class='ocrx_word' id='word_1_279' title='bbox 999 3889 1353 3965; x_wconf 83' lang='lat' dir='ltr'><strong>subvertit,</strong></span> <span class='ocrx_word' id='word_1_280' title='bbox 1402 3887 1606 3954; x_wconf 89' lang='lat' dir='ltr'><strong>donec</strong></span> <span class='ocrx_word' id='word_1_281' title='bbox 1648 3886 1877 3954; x_wconf 83' lang='lat' dir='ltr'><strong>evadat</strong></span> <span class='ocrx_word' id='word_1_282' title='bbox 1925 3910 1951 3945; x_wconf 74' lang='grc' dir='ltr'>ι</span> <span class='ocrx_word' id='word_1_283' title='bbox 1983 3883 2059 3949; x_wconf 83' lang='grc'><strong>111</strong></span> <span class='ocrx_word' id='word_1_284' title='bbox 2098 3882 2309 3947; x_wconf 82' lang='lat' dir='ltr'><strong>virum</strong></span> 
     </span>
    </p>
   </div>
  </div>
 </body>
</html>
