2982 4885
629 458 763 538 464
1446 474 1528 518 ss.
1587 471 1839 517 rutum

630 589 1114 666 »exaltabitur¹.
1136 617 1162 657 s
1207 587 1336 670 Qui
1372 610 1523 654 vcro
1554 589 1778 678 saepius
1815 602 2152 678 correptus
2186 613 2317 658 non
2363 618 2432 661 se
2460 620 2680 669 cmeu-

630 704 908 777 daverit,
943 697 1318 768 novissimus
1348 695 1413 761 in
1441 693 1664 761 ordine
1697 707 1858 760 stare
1897 688 2226 783 jubeatur3
2266 700 2432 768 sicut
2460 703 2674 773 Domi-

627 835 749 882 nus
801 807 1000 876 dixit:
1041 802 1174 869 «Sit
1217 800 1332 867 tibi
1366 800 1531 866 sicut
1579 800 1872 868 ethnicus
1923 813 1990 868 et
2040 804 2532 890 publicanus².»
2571 812 2674 878 Ad

626 936 915 987 mensam
937 923 1150 979 autem
1171 904 1527 997 specialiter
1547 907 1758 975 nullus
1781 909 2103 994 loquatur,
2135 909 2259 976 uisi
2283 914 2392 999 qui
2412 929 2663 1003 praeest,

623 1023 725 1091 vel
753 1019 863 1110 qui
890 1018 1309 1103 interrogatm
1332 1010 1540 1078 suerit.

1455 1282 2181 1337 mmmm-pann:
2182 1275 2664 1315 ,Ἆπιν-Μνῷ.

627 1294 816 1320 mm

694 1484 811 1554 SS.
857 1473 1241 1549 PATRUM
1288 1469 1673 1540 REGULA
1727 1470 1856 1538 AD
1904 1472 2410 1543 MONACHOS
2455 1478 2583 1544 m.

718 1716 770 1783 I.
825 1710 964 1779 (ἴση
984 1709 1050 1773 in
1072 1702 1600 1789 nomineDomini
1620 1726 1746 1769 una
1771 1726 1923 1770 cum
1946 1703 2248 1769 fratribus
2270 1707 2500 1773 nostris
2517 1731 2659 1776 con·

625 1820 1038 1891 venissemus,
1063 1808 1370 1897 imprimis
1391 1809 1631 1897 placuit
1655 1822 1725 1874 ut
1745 1810 1979 1899 Regula
2004 1823 2068 1875 et
2091 1810 2378 1877 instituta
2402 1811 2483 1877 Pa
2494 1827 2657 1881 trum

627 1947 744 2017 per
763 1919 1053 1988 ordinem
1072 1916 1470 2003 legerentur:
1502 1913 1731 2001 quibus
1754 1916 1933 1981 lectis
1956 1916 2218 2004 placuit,
2253 1917 2302 1982 si
2326 1919 2437 1981 de
2427 1920 2651 1985 :rotulo

611 2030 751 2121 quis
782 2026 849 2091 in
883 2018 1265 2089 monasterio
1296 2019 1580 2084 converti
1610 2022 1909 2095 voluerit
1952 2023 2197 2111 Regula
2223 2023 2277 2086 ei
2303 2023 2649 2089 introeunti

621 2140 889 2225 legatur,
930 2140 996 2194 et
1024 2146 1245 2191 omues
1276 2137 1453 2190 actus
1483 2114 1852 2192 monasterii
1883 2126 1971 2191 illi
2006 2128 2322 2227 patefiant.
2377 2127 2569 2207 Quod
2602 2131 2656 2195 si

630 2238 843 2309 omnia
872 2245 1016 2325 apte
1037 2228 1404 2352 susceperit,
1438 2230 1529 2294 sic
1563 2230 1644 2295 di
1628 2253 1749 2319 guo
1782 2255 1814 2297 a
1847 2222 2194 2298 fratribus
2176 2256 2239 2297 tn
2274 2234 2495 2298 cellula
2530 2257 2650 2299 sus

634 2346 958 2437 cipiaturu
1007 2352 1145 2405 tum
1194 2336 1247 2402 si
1301 2336 1572 2423 aliquam
1623 2336 1689 2401 iu
1753 2339 2048 2403 cellulam
2110 2337 2380 2403 voluerit
2433 2338 2658 2406 inferre

623 2448 1064 2520 substantiam,
1100 2444 1164 2509 in
1195 2465 1410 2508 mensa
1443 2454 1718 2531 ponatur
1754 2466 1967 2509 coram
2006 2436 2300 2509 omnibus
2332 2446 2652 2525 fratribus,

594 2555 599 2560 ’
625 2553 1055 2641 νοῙυιΒοςιιΙει
1078 2549 1377 2615 continet.
1409 2549 1605 2629 Quod
1626 2548 1676 2615 si
1701 2561 2030 2637 susceptus
2054 2549 2265 2624 suerit,
2294 2573 2421 2616 nou
2451 2552 2655 2618 solum

620 2668 701 2732 de
735 2657 1082 2729 substantia
1113 2676 1304 2742 quam
1333 2654 1569 2731 intulit,
1602 2656 1715 2720 sed
1736 2656 1927 2721 etiam
1949 2679 2068 2722 uec
2096 2656 2174 2723 de
2198 2681 2265 2722 se
2290 2639 2424 2747 ipso
2452 2659 2530 2725 ab
2557 2660 2654 2726 illa

615 2766 923 2860 judicabit
944 2763 1120 2827 hora.

697 2874 775 2939 ΙΙ.
831 2865 1062 2936 Abbati
1088 2886 1238 2930 vero
1262 2865 1418 2930 nulli
1443 2865 1632 2931 liceat
1656 2866 1776 2930 sibi
1802 2865 2147 2954 quidquam
2173 2868 2430 2956 proprie
2451 2869 2643 2935 vindi·

613 3002 782 3054 care,
816 2995 964 3040 cum
995 2970 1205 3036 omnia
1235 2970 1370 3036 Deo
1401 2970 1673 3060 propitio
1701 2970 1763 3035 in
1793 2971 1957 3036 illius
1980 2987 2278 3038 maneant
2303 2986 2624 3062 potestate.

614 3085 680 3152 Si
721 3079 862 3170 quis
895 3099 1079 3152 vero,
1121 3077 1349 3163 quod
1332 3100 1397 3141 m
1428 3077 1665 3165 Regula
1703 3075 2060 3162 junioribus
2090 3080 2479 3165 prohibetur,
2518 3079 2639 3145 sibi

610 3185 846 3280 aliquid
877 3206 955 3249 ex
982 3182 1379 3248 successione
1407 3193 1772 3269 parentum,
1811 3204 1922 3247 seu
1954 3183 2242 3270 quolibet
2274 3186 2503 3254 donato
2536 3207 2643 3250 re-

606 3299 809 3366 tinere
837 3289 1328 3383 praesumpserit,
1361 3300 1427 3354 et
1457 3310 1584 3352 nou
1614 3287 1831 3355 omnia
1864 3288 1929 3353 in
1957 3312 2296 3355 commuue
2330 3292 2636 3379 posuerit,

607 3428 642 3470 a
664 3399 961 3468 fratribus
986 3406 1300 3484 arguatur.
1331 3391 1396 3458 Si
1422 3392 1487 3456 in
1510 3391 1660 3457 vitio
1689 3393 2055 3481 perstiterit,
2075 3394 2138 3460 in
2159 3395 2445 3460 notitiam
2470 3395 2642 3482 epis-

607 3505 751 3597 copi
774 3502 1090 3569 det'eratur
1106 3522 1126 3573 ς
1159 3495 1267 3584 qui
1297 3496 1348 3562 si
1380 3496 1456 3563 ab
1490 3496 1793 3587 episcopo
1821 3510 2151 3588 correptus
2171 3521 2283 3564 nec
2306 3498 2395 3562 sic
2418 3519 2641 3562 emen-

610 3607 872 3684 daverit,
900 3607 1270 3693 deponatur.
2505 3665 2512 3672 ,

676 3713 790 3780 111.
845 3709 1235 3778 Vestimenta
1258 3730 1405 3774 vero
1428 3705 1732 3773 fratribus
1772 3711 2122 3776 necessaria
2153 3711 2238 3776 ita
2277 3709 2470 3775 abbas
2503 3731 2637 3775 om·

572 3869 577 3874 .
602 3817 787 3887 nibus
809 3814 1102 3882 ordinare
1131 3812 1357 3887 debet„
1369 3834 1512 3901 quae
1533 3811 1863 3881 monachis
1897 3816 2195 3890 deceaut3
2224 3837 2355 3883 uon
2378 3814 2637 3890 dirersis

568 4061 571 4062 γ
657 3995 829 4077 §.1¹oe-
849 4008 954 4056 ΠΥ»
979 4007 1062 4051 Ιῑο
1081 4017 1146 4066 *f
1169 4003 1193 4030 ⁰
1223 3990 1405 4046 utull-
1425 4005 1572 4055 xvln,
1601 4006 1684 4059 ²7·
