2982 4885
1005 561 1085 612 nn
1131 563 1474 611 ommone-
2127 547 2267 620 333

232 685 396 750 fecto
431 685 547 750 illa·
578 682 780 747 omnis
826 704 1016 770 opera
1051 682 1259 747 fuerit.
1321 681 1414 747 Ac
1469 678 1628 745 mihi
1658 679 1956 747 videntur
1982 684 2272 756 homines

231 791 544 875 ejusmodi
570 814 604 854 a
635 789 913 876 quinque
944 789 1130 853 fatuis
1157 788 1218 851 in
1245 790 1420 852 nullo
1450 785 1706 851 differre
1729 787 2099 875 virginibus,
2130 817 2271 883 quae

231 899 469 962 idcirco
492 945 510 972 ,
543 898 715 984 quod
749 897 939 960 domo
970 897 1228 960 allatum
1262 895 1323 959 in
1357 894 1485 958 suis
1525 892 1825 959 cordibus
1859 918 1986 960 non
2025 898 2234 968 habue

230 1015 376 1067 runt
427 1001 748 1089 spirituale
803 1001 1050 1073 oleum,
1105 1001 1279 1086 quod
1336 1012 1432 1066 est
1495 1001 1688 1062 modo
1734 1014 2265 1084 memoratarum,

230 1130 366 1194 qum
405 1130 519 1195 per
548 1105 841 1192 spiritum
874 1117 1230 1180 exercetur,
1274 1105 1557 1191 operatio
1602 1103 1936 1180 virtutum,
1971 1118 2036 1171 et
2079 1107 2269 1175 fatua-

230 1234 367 1274 rum
405 1209 914 1275 nomenclatione
943 1211 1249 1273 traductae
1279 1220 1461 1283 sunt,
1489 1218 1554 1272 et
1591 1207 1764 1295 regio
1783 1209 2061 1276 thalamo
2084 1213 2269 1279 mise-

230 1315 509 1382 rabiliter
527 1318 821 1389 exclusae,
865 1316 1110 1379 nullum
1143 1326 1343 1378 nactae
1376 1335 1584 1403 operae
1629 1312 1904 1399 pretium
1938 1318 2267 1385 custoditae

227 1423 538 1488 laboriose
576 1420 968 1507 virginitatis.
1008 1418 1187 1484 Sicut
1234 1420 1404 1484 enim
1453 1419 1518 1484 in
1548 1418 1744 1484 vineae
1782 1423 2029 1487 cultura
2061 1427 2267 1491 omnis

230 1525 551 1611 diligentia
575 1536 639 1588 et
671 1524 877 1596 labor,
922 1522 1245 1587 fructuum
1276 1524 1467 1588 unice
1499 1535 1896 1611 speratorum
1924 1547 2111 1590 causa
2146 1528 2268 1593 im-

222 1630 524 1719 penditur
542 1654 560 1704 3
589 1629 759 1693 unde
784 1628 858 1692 iis
890 1648 1016 1691 non
1036 1628 1583 1716 provenientibus,
1612 1630 1965 1694 frustranea
1997 1643 2129 1697 tota
2152 1633 2270 1700 ista

217 1739 410 1803 fuisse
443 1735 766 1802 contentio
793 1746 1184 1800 monstratur
1196 1760 1216 1810 3
1250 1735 1334 1799 ita
1360 1734 1479 1799 nisi
1510 1758 1627 1822 per
1655 1749 2027 1824 operantem
2052 1737 2114 1803 in
2146 1761 2266 1804 no-

219 1843 317 1907 bis
360 1841 650 1930 spiritum
686 1839 932 1904 fructus
964 1838 1317 1915 charitatis,
1349 1839 1550 1927 pacis,
1587 1839 1834 1928 gandii,
1870 1852 1936 1904 et
1960 1841 2096 1906 illos
2119 1843 2272 1909 reli-

217 1973 373 2036 quos
424 1959 823 2013 enumeratos
868 1946 946 2011 ab
979 1945 1288 2032 Apostolo
1321 1944 1385 2008 in
1423 1946 1609 2010 nobis
1654 1945 1802 2032 ipsis
1856 1945 2268 2025 videamus¹3

215 2067 278 2118 et
310 2055 431 2119 hoc
471 2053 643 2118 omni
676 2050 1148 2140 experimentali
1200 2050 1512 2114 evidentia
1536 2101 1555 2128 ,
1609 2072 1954 2138 sensusque
1999 2055 2260 2121 convic-

213 2159 389 2222 tione
414 2158 749 2245 spiritualis
771 2158 956 2243 plane
987 2176 1359 2242 persuasum
1401 2155 1586 2219 fateri
1619 2178 1691 2219 ac
1731 2154 2018 2241 profiteri
2047 2161 2259 2223 valea-

211 2283 379 2334 mus,
417 2261 625 2323 irritus
654 2271 720 2322 et
747 2260 1016 2322 utilitate
1046 2281 1259 2322 cassus
1283 2260 1489 2322 omnis
1514 2259 1921 2344 virginitatis,
1956 2264 2257 2329 orationis

214 2376 277 2427 et
319 2361 706 2450 psalmodiae,
753 2358 978 2445 jejunii
1016 2370 1080 2422 et
1109 2360 1464 2447 vigiliarum
1516 2359 2014 2447 deprehenditur
2050 2366 2250 2432 labor.

213 2469 308 2532 Illi
335 2467 502 2531 enim
542 2464 764 2530 animae
797 2475 860 2527 et
886 2462 1166 2551 corporis
1199 2463 1449 2527 labores
1484 2485 1596 2551 spe
1627 2464 2045 2551 spiritualium
2083 2468 2259 2532 sruc-

214 2585 391 2637 tuum
420 2568 641 2660 perfici
660 2569 925 2642 debent,
961 2567 1055 2631 uti
1082 2566 1370 2631 diximus.
1404 2566 1479 2631 In
1511 2566 1852 2632 virtutibus
1879 2581 2089 2634 autem
2116 2593 2256 2658 quae

212 2677 447 2741 dicitur
497 2671 941 2747 fructificatio,
997 2670 1212 2736 fruitio
1260 2684 1331 2736 et*
1365 2672 1707 2761 spiritualis
1741 2695 1885 2739 cum
1933 2678 2254 2765 voluptate

211 2778 677 2868 incorruptibili
734 2778 796 2842 in
856 2775 1155 2842 cordibus
1206 2775 1331 2843 fide
1374 2801 1443 2843 ac
1484 2778 1842 2844 humilitate
1899 2783 2176 2868 praeditis
2216 2808 2252 2850 a

213 2886 455 2974 Spiritu
472 2888 634 2950 clam
663 2882 1064 2949 ineffabiliter
1084 2881 1329 2949 effecta.
1353 2882 1852 2972 Seorsimitaque
1877 2898 2253 2972 reputentur

210 3005 271 3055 et
303 2993 547 3056 labores
572 3002 635 3054 et
660 2988 924 3063 fructus,
951 2988 1220 3077 proutin
1245 3012 1311 3054 se
1344 2988 1590 3055 divisim
1623 3002 1791 3054 sunt.
1825 2989 1890 3054 Si
1926 2992 2065 3079 quis
2097 3015 2245 3059 vero

210 3119 324 3184 per
369 3096 742 3185 cognitionis
773 3096 1116 3170 defectum,
1158 3080 1480 3184 propriam
1512 3096 1945 3184 operationem
1979 3111 2044 3164 et
2074 3100 2248 3166 labo-

210 3223 380 3275 rcrn,
412 3204 650 3267 fructus
684 3201 953 3290 Spiritus
999 3224 1135 3266 esso
1173 3200 1539 3276 crediderit,
1593 3202 1643 3267 is
1682 3226 1797 3291 per
1829 3204 2246 3291 ignorantiam

209 3307 458 3373 videtur
480 3331 546 3373 se
578 3298 781 3396 ipsum
808 3308 1043 3373 lactare
1072 3319 1137 3372 et
1160 3307 1477 3395 decipere,
1510 3330 1607 3382 ac,
1645 3309 1798 3373 dum
1833 3309 1916 3372 ita
1943 3330 2007 3371 se
2035 3310 2246 3374 adula'-

214 3413 382 3479 tione
415 3414 596 3480 noxia
615 3414 830 3485 habet,
864 3434 1011 3476 vere
1040 3412 1285 3498 magnis
1317 3412 1732 3500 semetipsum
1763 3410 2037 3498 Spiritus
2068 3411 2244 3478 fruc-

212 3517 379 3581 tibus
414 3520 677 3607 privare.

301 3621 404 3685 VI.
461 3624 541 3685 Ut
565 3622 673 3706 qui
702 3630 966 3707 peccato
1025 3626 1235 3680 totum
1282 3636 1348 3678 se
1388 3615 1595 3702 ipsum
1634 3617 1917 3686 deditum
1963 3622 2242 3701 exhibet,

208 3735 505 3791 naturam
526 3723 976 3786 inhonorantes
1001 3717 1358 3808 ignominiae
1382 3718 1729 3807 passiones,
1754 3721 1876 3788 hoc
1900 3737 2018 3801 est,
2050 3726 2250 3817 impu-

208 3827 537 3901 dicitiam,
590 3823 1104 3899 fornicationem,
1168 3824 1528 3900 avaritiam,
1588 3824 1832 3902 odium,
1890 3830 2131 3907 dolum,
2181 3845 2246 3900 et

203 3932 449 4019 reliqua
482 3931 734 3997 malitiae
763 3929 967 3998 studia
999 3951 1148 3997 cum
1177 3928 1473 3999 fruitione
1491 3952 1564 3998 ac
1581 3931 1907 4021 voluptate
1936 3947 2240 4025 tanquam

270 4083 293 4123 ,¹
324 4068 487 4123 Galat.
509 4082 561 4132 V,
582 4084 661 4121 n.
717 4064 725 4075 ⁴
