2982 4885
744 420 873 513 510
1527 440 1577 485 5.
1630 428 1983 488 rumas-rm

738 562 976 628 tionem
1007 555 1343 624 hominum
1375 569 1750 634 execratur,
1786 571 1851 624 et
1877 558 1979 645 jus
2018 557 2396 661 nuptiarum
2436 561 2786 661 legitimum

741 664 995 753 abjicit,
1029 662 1262 757 idque
1243 661 1403 749 juris
1438 686 1471 727 a
1498 663 1634 727 Deo
1668 674 1978 728 statutum
2009 685 2140 729 non
2170 664 2590 759 confitetur..

1405 859 1561 909 xxl.
1598 859 2131 913 CATAPHRYGES.

837 1043 979 1109 Αιιι
1002 1051 1213 1105 autem
1240 1049 1382 1125 post
1406 1036 1556 1102 istos
1578 1050 1986 1103 surrexerunt
2013 1037 2522 1133 Cataphryges,'
2505 1067 2569 1110 m
2591 1044 2781 1133 Phry..

730 1142 851 1247 gia
872 1138 1195 1237 provincia
1217 1142 1604 1207 habitantes.
1630 1143 1738 1207 Isti
1755 1143 2102 1232 Prophetas
2125 1158 2190 1210 et
2217 1147 2427 1240 legem
2453 1149 2778 1247 accipiunt,

753 1252 1002 1351 Patrem
1041 1262 1105 1315 et
1140 1248 1378 1314 Filium
1424 1260 1491 1312 ct
1524 1246 1835 1334 Spiritum
1881 1245 2296 1324 confitentur,
2344 1251 2545 1316 carnis
2582 1276 2780 1319 resur-

758 1356 1104 1423 rectionem
1136 1362 1512 1443 expectant,
1551 1373 1689 1441 quae
1724 1364 1788 1416 et
1827 1352 2137 1417 catholica
2164 1354 2450 1421 Ecclesia
2470 1328 2772 1447 praedicat.

762 1463 1088 1543 Quosdam
1123 1471 1335 1524 autem
1378 1479 1524 1520 suos
1561 1457 1950 1545 prophetas,
2000 1457 2064 1521 id
2113 1471 2242 1534 est,
2287 1460 2644 1565 Montanum
2679 1485 2783 1527 no·

765 1558 983 1641 mine,
1033 1577 1098 1629 et
1143 1562 1548 1637 Priscillam,
1608 1574 1673 1625 ct
1717 1562 2121 1628 Maximillam
2176 1566 2604 1632 annuntiant.
2638 1591 2780 1656 quos

648 1678 653 1683 ’
765 1697 969 1759 nequo
990 1669 1343 1769 Prophetae,
1393 1691 1598 1754 neque
1626 1666 1912 1733 Christus
1939 1670 2267 1761 nuntiavit.
2325 1672 2589 1739 Addunt
2609 1675 2784 1741 etiam

765 1773 1227 1881 plenitudinem
1272 1772 1475 1836 sancti
1522 1771 1800 1860 Spiritus
1850 1797 1978 1838 non
2020 1797 2131 1862 per
2173 1775 2504 1864 Apostolos
2550 1777 2785 1843 Christo

769 1884 959 1948 dante
988 1880 1180 1943 fuisse
1211 1899 1618 1953 concessam,
1653 1879 1765 1943 sed
1789 1902 1901 1965 per
1933 1880 2068 1944 illos
2098 1903 2241 1945 suos
2264 1882 2500 1983 pseudo
2504 1884 2790 1971 -prophe-

768 1966 861 2051 tas
891 1984 1201 2048 aestimaut
1228 1980 1657 2069 impartitam,
1687 1995 1750 2046 ct
1775 1998 2068 2072 separant
2092 2009 2155 2050 se
2187 2009 2218 2049 a
2250 1986 2551 2083 catholica
2576 1985 2792 2053 Eccle-

767 2090 857 2155 sia
904 2111 1018 2178 per
1060 2087 1199 2150 illos
1238 2108 1383 2149 suos
1429 2088 2094 2177 pseudo-prophetas,
2137 2104 2196 2155 et
2240 2090 2422 2177 salsos
2469 2091 2780 2159 doctores.

771 2195 848 2262 lli
880 2206 1162 2260 mortuos
1184 2192 1542 2280 baptizant,
1579 2194 1838 2282 publice
1869 2218 1977 2283 ιιι)
1982 2198 2168 2262 steria
2195 2198 2563 2275 celebrant,
2591 2199 2790 2288 Pepu-

774 2324 911 2366 zam
943 2299 1154 2365 villam
1203 2320 1412 2373 suam,
1451 2320 1592 2384 quae
1626 2298 1715 2362 sic
1750 2298 2027 2362 dicitur
2012 2324 2075 2364 in
2107 2301 2415 2390 Phrygia,
2451 2300 2788 2369 Jerusalem

704 2446 711 2452 ·
775 2408 1129 2497 appellant,
1172 2402 1283 2468 ubi
1313 2400 1685 2490 Maximilla,
1722 2414 1784 2467 ct
1808 2402 2127 2480 Priscilla,
2169 2417 2232 2471 ct
2261 2405 2391 2496 ipse
2429 2407 2785 2484 Montanus,

774 2515 913 2580 vitae
949 2525 1198 2598 tempus
1229 2532 1461 2573 vanum
1493 2522 1558 2574 ct
1597 2509 2057 2576 infructuosum
2097 2499 2391 2580 habuisse
2433 2497 2790 2606 dignoscun-

774 2635 898 2687 tur.
940 2618 1059 2683 Ubi
1088 2629 1152 2679 et
1190 2616 1562 2703 m5sterium
1609 2617 2028 2708 (Ι)ηἰςοιιιιιι,
2077 2632 2136 2683 ct
2175 2621 2425 2685 infantis
2456 2625 2789 2688 execranda

775 2727 1151 2794 celebratur
1168 2722 1470 2810 impietas·
1513 2722 1748 2787 Dicunt
1771 2725 1937 2788 enim
1974 2749 2079 2789 cos
2119 2729 2195 2790 d«
2225 2728 2476 2792 insintis
2503 2730 2791 2817 sanguine

766 2831 836 2913 in
864 2828 1099 2893 Pascha
1131 2827 1395 2910 miscere
1429 2828 1493 2890 in
1527 2850 1712 2892 suum
1745 2830 2124 2895 sacrificinm
2147 2885 2163 2905 ‚
2199 2835 2418 2923 suique
2453 2836 2536 2900 ita
2569 2833 2794 2921 ubique

773 2934 1061 2999 emittere
1092 2933 1461 3021 perniciosis
1484 2945 1549 2997 ct
1573 2932 1737 2998 salsis
1769 2937 2158 3002 satellitibus.

1461 3131 1640 3182 XXI}-
1680 3132 2117 3184 THEODOTL’S.

833 3304 1019 3382 ‚Pes-r
1053 3302 1202 3366 istos
1223 3300 1590 3366 Theodotus
1614 3300 1873 3386 quidam
1896 3302 2286 3390 Byzantinus
2307 3326 2541 3394 genere
2556 3353 2575 3380 ,
2605 3304 2806 3370 dene-

764 3424 950 3503 gator
984 3406 1213 3473 Christi
1238 3405 1353 3470 Dei
1376 3404 1571 3468 nostri
1605 3405 1667 3469 in
1704 3409 2150 3492 persecutione
2183 3411 2383 3474 extitit
2421 3410 2804 3485 Salvatoris,

752 3514 879 3608 *qui
911 3512 1103 3600 coepit
1139 3510 1349 3574 dicere
1380 3559 1398 3583 ,
1442 3511 1677 3575 docens
1709 3510 1793 3576 ita
1830 3534 1844 3576 ε
1886 3512 2254 3579 Communis
2292 3513 2481 3577 homo
2521 3528 2668 3581 erat
2690 3564 2708 3595 ‚
2743 3527 2810 3579 ut

766 3643 986 3708 omncs
1012 3617 1332 3690 homines,
1362 3615 1671 3690 Christus.
1713 3617 1850 3680 Hoc
1876 3629 2085 3683 autem
2114 3618 2396 3693 dicebat,
2427 3629 2496 3682 ut
2529 3617 2810 3709 denega·

766 3726 953 3818 tionis
993 3721 1407 3815 opprobrium
1449 3721 1527 3785 ab
1568 3720 1934 3787 hominibus
1978 3746 2109 3792 non
2142 3723 2413 3816 amplius
2450 3735 2810 3816 pateretur,

765 3829 1049 3918 cogitans
1091 3826 1266 3918 quod
1303 3825 1491 3913 siqui
1527 3826 1584 3890 ei
1627 3826 1866 3892 diceret
1897 3850 1912 3892 ε
1949 3828 2166 3908 Quare
2199 3829 2446 3920 negasti
2481 3829 2818 3914 Christum

759 3935 969 4013 Deum
1001 3955 1074 4002 ac
1104 3928 1494 4003 Dominum?
1527 3930 1802 3999 diceret:
1831 3933 2023 4013 Quod
2039 3933 2368 4024 hominem
2394 3934 2648 4038 negavi,
2685 3929 2819 4038 nq‘n
