2982 4885
670 501 796 566 272
1341 497 1391 542 s.
1445 497 1708 543 uacum
1753 497 2023 545 aarum

656 636 941 706 expansae
985 635 1177 704 super
1212 634 1468 684 omnem
1514 626 1873 681 creaturam
1911 628 1976 680 et
2011 611 2373 679 universam
2401 627 2692 683 naturam

654 721 998 787 humanam
1030 742 1065 785 a
1096 731 1385 807 tempore
1414 718 1923 807 transgressionis
1953 749 1973 796 ς
2004 721 2176 784 unde
2209 718 2489 784 tenebris
2512 719 2692 788 offusi

658 838 806 891 sunt
849 826 912 891 in
946 837 1173 899 nocte,
1222 835 1287 888 et
1325 824 1389 889 in
1418 822 1921 889 formidabilibus
1952 823 2110 889 locis
2137 822 2334 888 vitam
2364 838 2575 913 agunt.
2613 825 2693 893 Et

656 929 1195 1018 quemadmodum
1234 950 1460 1017 magna
1491 927 1650 993 fumi
1687 928 1869 1017 copia
1906 941 2003 994 est
2034 929 2099 994 in
2138 930 2328 993 domo
2356 930 2706 1018 quapiamg.

658 1037 749 1103 sic
797 1057 1055 1124 quoque
1098 1046 1437 1124 peccatum
1479 1055 1629 1098 cum
1672 1033 1990 1098 ohscoenis
2031 1032 2513 1123 cogitationibus
2556 1032 2693 1099 suis

660 1142 891 1208 insidet
919 1153 984 1207 et
1020 1140 1217 1228 serpit
1252 1139 1319 1205 in
1359 1137 1774 1229 cogitationes
1810 1138 2058 1215 cordis,
2094 1150 2162 1206 et
2197 1136 2439 1206 infinita
2468 1139 2693 1206 multi-

658 1248 815 1313 tudo
839 1245 1220 1312 daemonum.

737 1350 903 1415 VIII.
948 1348 1130 1415 Sieut
1147 1367 1297 1416 vero
1329 1347 1393 1414 in
1409 1348 1603 1414 rebus
1621 1349 1961 1415 oculorum
1982 1349 2140 1416 aciei
2165 1347 2497 1437 subiectis,
2517 1349 2686 1416 bello

657 1453 898 1521 indicto
924 1504 945 1533 ,
994 1477 1127 1521 non
1166 1451 1660 1543 proficiscuntur
1699 1454 2013 1544 sapientes
2052 1466 2162 1520 aut
2212 1466 2534 1544 magnates
2570 1475 2685 1530 eo,

653 1561 805 1636 sed,
854 1573 1128 1627 mortem
1176 1559 1590 1626 formidantes
1611 1609 1628 1635 ,
1684 1560 1858 1627 domi
1889 1573 2253 1638 remanent3
2302 1582 2452 1648 ergo
2478 1558 2689 1650 prose-

655 1680 884 1732 runtur
905 1666 1175 1740 tirones,
1208 1687 1520 1752 pauperes
1550 1677 1616 1729 et
1652 1664 1900 1738 idiotae:
1932 1677 1998 1730 et
2026 1664 2293 1739 accidit,
2331 1679 2403 1731 ut
2431 1661 2688 1729 victoria

650 1781 1013 1857 comparata
1045 1771 1341 1831 adversus
1362 1767 1579 1829 hostes
1609 1778 2074 1850 persequantur
2106 1789 2214 1831 eos
2252 1780 2428 1832 extra
2458 1767 2692 1834 limites

649 1893 877 1956 usque,
920 1880 1108 1951 atque
1139 1865 1419 1930 victoriae
1450 1865 1726 1951 praemiis
1757 1886 1831 1929 uc
1862 1867 2113 1930 coronis
2138 1889 2173 1930 a
2202 1889 2350 1954 rege
2381 1872 2690 1957 acceptis,

647 1975 726 2038 ad
759 1968 1087 2055 dignitates
1118 1980 1184 2030 et
1211 1967 1529 2034 honorum
1564 1969 1797 2054 gradus
1833 1980 2367 2058 promoveantur3
2413 1970 2507 2035 illi
2537 1994 2688 2039 vem

647 2071 855 2159 magui
898 2071 1084 2158 longe
1122 2069 1207 2135 ab
1258 2068 1491 2137 borum
1524 2084 1701 2161 tergo
1733 2074 2139 2162 reperiuntur
2166 2098 2182 2140 e
2211 2076 2301 2141 sic
2332 2097 2592 2164 quoque
2619 2102 2686 2145 se

639 2198 739 2242 res
788 2173 980 2239 babet
1027 2174 1385 2263 spiritualis.
1440 2176 1655 2244 Rudes
1694 2200 1768 2244 ac
1810 2178 2079 2266 plebeii,
2129 2179 2458 2246 audientes
2503 2182 2678 2248 initio

638 2279 906 2345 verbum
932 2328 951 2356 ,
986 2280 1266 2346 veritatis
1291 2281 1528 2347 amanti
1554 2281 1934 2370 cogitatione
1959 2305 2119 2372 opus
2151 2284 2291 2373 ejus
2311 2284 2669 2375 perficiunt.

633 2397 699 2451 et
747 2383 1070 2474 accipiunt
1112 2407 1147 2451 a
1178 2382 1316 2450 Deo
1359 2385 1629 2474 gratiam
1669 2385 1940 2475 Spiritus
1961 2412 1980 2463 ς
2020 2388 2338 2477 sapientes
2375 2414 2563 2467 vero,
2606 2403 2666 2457 et

630 2489 741 2578 qui
774 2476 1185 2556 subtilitatem
1223 2489 1569 2557 verborum
1602 2491 1972 2579 requirunt,
2014 2491 2080 2558 bi
2116 2494 2369 2582 fugiunt
2396 2497 2661 2572 bellum.

634 2617 753 2660 nec
786 2593 1169 2682 proficiunt,
1209 2595 1320 2659 sed
1353 2594 1737 2681 posteriores
1773 2595 2183 2663 inveniuntur
2210 2598 2287 2665 iis
2313 2648 2332 2676 ,
2366 2601 2473 2687 qui
2505 2586 2663 2666 bello

633 2712 809 2788 gesto
838 2697 1171 2763 victoriam
1200 2710 1629 2789 reportarunt.

724 2802 842 2869 IX.
881 2800 1443 2879 Quemadmodum
1457 2823 1608 2867 vero
1632 2803 1803 2869 venti
1830 2804 2241 2885 vehementer
2267 2805 2500 2874 ssantes
2526 2829 2662 2873 om*

628 2929 740 2973 nes
779 2915 1134 2979 creaturas,
1179 2926 1320 2990 quae
1366 2919 1519 2973 sunt
1562 2907 1682 2973 sub
1725 2910 1938 2988 coelis,
1984 2924 2418 2986 commovent,
2474 2926 2666 3000 atque

626 3029 854 3075 sonum
897 3004 1219 3094 ingentem
1257 3010 1495 3086 edunt;
1546 3010 1636 3077 sic
1677 3014 1965 3102 potentia
2009 3015 2202 3080 bostis
2242 3014 2483 3102 pulsat,
2535 3014 2663 3080 fert

626 3109 1035 3199 cogitationes
1055 3162 1074 3189 ,
1124 3126 1311 3201 atque
1344 3117 1539 3203 agitat
1576 3116 1890 3204 profunda
1925 3120 2134 3186 cordis
2175 3140 2288 3208 pro
2320 3106 2436 3184 suo
2465 3118 2663 3211 ipsius

621 3216 828 3287 lubitu
848 3265 868 3293 ‚
903 3225 969 3281 et
1000 3217 1067 3282 in
1096 3217 1520 3285 ministerium
1552 3220 1650 3286 sui
1682 3221 1987 3314 dispergit
2011 3224 2442 3314 cogitationes.
2483 3224 2661 3291 Sicut

617 3322 941 3416 publicani
979 3325 1201 3390 sedent
1242 3323 1420 3412 juxta
1465 3325 1598 3391 vias
1640 3344 1935 3418 angustas
1981 3381 1997 3407 ‚
2039 3345 2105 3397 et
2149 3332 2430 3403 retinent
2471 3346 2659 3423 atque

620 3428 999 3495 concutiunt
1025 3438 1479 3517 praetereuntes
1518 3452 1534 3494 t
1572 3431 1661 3498 sic
1685 3456 1941 3523 quoque
1971 3439 2291 3503 daemones
2321 3437 2658 3502 observant

617 3547 682 3603 et
715 3532 1002 3596 detinent
1040 3530 1313 3610 animas,
1346 3546 1415 3600 et
1445 3536 1599 3603 dum
1632 3540 1955 3606 decedunt
1989 3565 2082 3607 eae
2116 3566 2154 3608 e
2188 3561 2450 3629 corpore
2479 3523 2655 3615 ,nisi
2710 3598 2718 3603 .

615 3637 895 3729 perfecte
926 3634 1163 3702 fuerint
1189 3653 1551 3729 expurgat-”e
1569 3692 1589 3719 ,
1632 3666 1762 3711 non
1783 3628 2169 3733 permittunt
2190 3647 2279 3713 eis
2310 3644 2655 3712 ascendere

508 3805 512 3809 ⁴
617 3747 699 3810 ad
720 3740 1075 3826 mansiones
1107 3743 1253 3809 coeli
1277 3793 1295 3820 ,
1319 3757 1385 3810 et
1405 3767 1746 3814 occurrere
1773 3748 2050 3817 Domino
2072 3775 2188 3817 suo
2228 3775 2244 3817 ε
2280 3762 2653 3817 evertuntur

610 3849 780 3916 enim
808 3847 887 3912 ab
923 3847 1105 3914 ae’riis
1146 3851 1560 3917 daemonibus.
1607 3853 1734 3934 Qui
1767 3878 1918 3924 vero
1945 3844 2281 3925 versantur
2319 3859 2382 3923 in
2418 3879 2647 3932 carne,

604 3953 1016 4069 nihilominus
1038 3978 1293 4066 summo
1326 3957 1549 4062 dabore
1582 3981 1654 4063 ac
1692 3963 2042 4065 certamine
2078 3987 2423 4059 supernam
2454 3985 2488 4031 a
2518 3962 2652 4064 1)οῇ
