2982 4885
1151 536 1410 587 nomm
1456 538 1527 587 n.
2267 529 2351 594 25

312 656 587 746 acceptis
619 657 753 733 alis,
787 678 915 723 non
948 671 1171 748 potest.
1214 659 1558 726 Precemur
1591 661 1782 749 igitur
1819 660 2048 738 Deum,
2091 677 2165 729 ut
2193 685 2351 729 con-

313 766 497 829 cedat
528 763 710 829 nobis
742 765 869 828 alas
909 764 1220 829 columbae
1251 765 1453 831 sancti
1493 766 1788 853 Spiritus,
1838 780 1909 832 ut
1952 769 2236 833 volemus
2269 769 2348 835 ad

313 891 460 934 eum
484 881 544 933 et
570 868 1068 955 requiescamus¹
1084 919 1101 946 ,
1131 882 1202 934 ut
1223 872 1412 936 etiam
1437 882 1725 962 segreget
1749 884 1812 937 et
1838 873 2016 937 tollat
2040 873 2116 936 ab
2141 871 2349 937 anima

308 986 374 1040 et
405 998 677 1064 corpore
706 988 924 1041 nostro
956 976 1323 1064 improbum
1355 991 1652 1054 ventum,
1689 978 1895 1067 ipsum
1927 979 2168 1044 scilicet
2197 1002 2351 1067 pec-

311 1093 525 1145 catum
556 1081 621 1146 in
655 1081 959 1146 membris
985 1083 1205 1149 animm
1238 1096 1300 1148 et
1329 1084 1614 1172 corporis
1640 1083 1840 1148 nostri
1869 1084 2184 1149 habitans:
2225 1083 2351 1172 Ipsi

309 1186 479 1251 enim
505 1185 628 1252 hoc
659 1187 867 1252 facere
900 1190 1103 1252 solum
1133 1201 1228 1253 ost
1258 1189 1577 1277 possibile.
1607 1189 1840 1263 «Ecce,
1880 1189 1964 1253 ait
1996 1189 2192 1264 enim,
2219 1189 2350 1278 Ag-

311 1317 336 1350 »
357 1313 474 1355 nus
497 1291 641 1364 Dei,
670 1292 777 1378 qui
801 1292 962 1356 tollit
987 1304 1245 1379 peccata
1270 1294 1494 1360 mnndi
1512 1294 1558 1359 ².
1587 1322 1612 1355 n
1632 1294 1778 1383 Ipse
1800 1297 1972 1359 solus
1998 1294 2354 1360 misericor—

314 1394 482 1458 diam
518 1394 713 1470 hanc,
750 1398 920 1482 quod
954 1419 987 1463 a
1033 1409 1296 1484 peccato
1330 1396 1634 1473 redimat,
1670 1399 1958 1464 exhibuit
1988 1398 2354 1464 hominibus

316 1498 382 1562 in
414 1522 479 1563 se
510 1501 916 1565 credentibus
937 1550 954 1574 ,
987 1513 1051 1566 et
1081 1502 1245 1566 hanc
1279 1501 1769 1567 inenarrabilem
1805 1504 2071 1566 salutem
2114 1502 2364 1568 confert

325 1625 574 1690 semper
594 1604 1108 1689 expectantibus,
1143 1616 1207 1668 et
1238 1605 1483 1669 assidue
1516 1605 1943 1689 quaerentibus
1968 1626 2141 1677 eum,
2167 1603 2232 1667 iu
2256 1627 2359 1669 eo-

323 1731 449 1797 que
477 1731 652 1796 spem
678 1730 854 1772 suam
880 1707 1283 1796 ponentibus,

409 1812 509 1879 IV.
570 1814 1130 1893 Quemadmodum
1162 1814 1225 1877 in
1258 1824 1447 1878 nocte
1477 1810 1819 1901 caliginosa
1850 1824 1915 1879 et
1944 1812 2215 1880 obscura
2249 1838 2326 1880 ve
2355 1854 2362 1863 ·

214 1934 221 1937 ’
319 1920 582 1985 hemens
604 1920 861 2007 quidam
898 1933 1119 1985 ventus
1142 1919 1356 2007 spirat,
1388 1930 1454 1983 et
1476 1941 1698 1984 omnes
1729 1921 1973 2006 plantas
2010 1941 2085 1984 ac
2117 1920 2359 1986 semina

322 2027 439 2091 sub
458 2026 765 2100 concutit,
788 2038 1173 2099 commovet,
1202 2037 1268 2089 et
1284 2024 1511 2113 agitat:
1539 2025 1631 2089 sic
1657 2046 1910 2113 quoque
1935 2023 2129 2090 homo
2146 2026 2359 2113 lapsus

323 2144 697 2219 potestatem
719 2133 925 2197 noctis
942 2131 1350 2196 tenebrarum
1369 2129 1631 2205 diaboli,
1653 2142 1715 2196 et
1742 2128 1808 2194 in
1836 2142 2026 2195 nocte
2056 2126 2364 2195 tenebris-

324 2259 446 2324 que
466 2241 727 2325 degens,
751 2237 923 2326 gravi
940 2248 1129 2302 vento
1148 2235 1393 2323 peccati
1417 2234 1610 2311 ssaffnte
1637 2248 2104 2311 commovetur,
2133 2257 2369 2299 concu-

328 2342 482 2407 titur
504 2354 569 2405 et
610 2356 963 2427 quassatur,
993 2342 1101 2426 qui
1136 2362 1395 2405 omnem
1428 2350 1744 2415 naturam,
1781 2339 2058 2406 animam
2093 2339 2362 2415 scilicet,

327 2446 746 2540 cogitationes
762 2459 825 2510 et
851 2457 1131 2510 mentem
1156 2455 1594 2529 perscrutatur
1622 2465 1638 2504 :
1675 2445 1888 2506 omnia
1918 2447 2192 2531 denique
2216 2467 2362 2510 con·

331 2556 665 2619 cntiuntur
678 2549 963 2639 corporis
980 2545 1291 2623 membra,
1311 2569 1521 2634 neque
1544 2548 1746 2611 ullum
1770 2548 2130 2611 membrum
2145 2550 2368 2612 animae

333 2672 445 2725 aut
475 2657 753 2747 corporis
787 2656 1092 2728 immune,
1129 2674 1247 2718 nec
1280 2654 1481 2717 ullum
1508 2653 1586 2717 ab
1624 2647 2062 2720 affectionibus
2094 2652 2364 2743 peccati,

331 2765 396 2829 in
442 2763 625 2830 nohis
656 2759 1021 2834 habitantis,
1062 2759 1336 2823 liberum
1367 2769 1480 2823 est.
1526 2757 1762 2824 Similis
1794 2757 2007 2845 itaque
2046 2757 2179 2822 dies
2210 2759 2366 2832 luci,

330 2884 396 2936 et
428 2882 651 2936 ventus
684 2869 931 2935 divinus
955 2865 1215 2954 Spiritui
1246 2877 1499 2941 sancto,
1538 2864 1897 2955 perspIrans
1923 2877 1990 2931 et
2007 2845 2375 2932 ‘refocillans

333 2977 596 3052 animas,
649 2999 788 3064 quae
836 2974 900 3040 in
945 2972 1045 3038 die
1093 2972 1255 3037 lucis
1298 2971 1526 3036 divinae
1568 2970 1810 3044 vivunt,
1845 2982 1909 3035 et
1947 2970 2374 3060 pertransiens

332 3108 586 3151 omnem
611 3095 901 3149 naturam
923 3079 1148 3144 animae
1171 3090 1236 3144 et
1254 3077 1693 3167 cogitationes,
1717 3099 1789 3142 ac
1809 3100 2066 3143 omnem
2088 3077 2376 3142 substan·

333 3190 486 3256 tiam
526 3201 588 3255 et
633 3188 844 3254 omnia
899 3184 1187 3251 membra
1243 3184 1528 3274 corporis
1573 3206 1868 3249 recreans
1912 3195 1978 3249 et
2019 3182 2374 3249 refocillans

336 3296 542 3362 divina
592 3307 657 3360 et
707 3291 1110 3358 inenarrabili
1166 3290 1400 3378 requie.
1460 3289 1534 3354 Id
1580 3289 1751 3377 quod
1791 3287 1944 3352 dixit
1983 3287 2323 3376 Apostolus
2352 3310 2368 3351 τ

246 3449 277 3466 ..
355 3401 528 3468 «Nos
569 3397 698 3465 non
742 3421 960 3463 sumus
1007 3389 1116 3460 filii
1153 3396 1381 3471 noctis,
1418 3419 1622 3484 neque
1655 3395 2088 3460 tenebrarum.
2134 3381 2373 3460 Omnes*

337 3535 362 3567 ι
381 3507 551 3573 enim
587 3528 699 3571 vos
734 3503 846 3569 filii
869 3502 1030 3567 lucis
1053 3501 1201 3565 estis
1225 3513 1289 3566 et
1313 3499 1422 3566 lilii
1454 3500 1637 3566 diei⁸.
1661 3511 1696 3560 ἰ
1733 3499 1812 3563 Et
1836 3499 2375 3586 quemadmodum

339 3610 492 3684 illic,
548 3611 611 3675 in
663 3609 758 3674 via
802 3629 1094 3679 erronea,
1143 3605 1471 3670 hominem
1521 3606 1840 3691 integrum
1898 3626 1973 3667 ac
2024 3604 2379 3691 perfectum

344 3716 514 3778 exuit
529 3717 722 3780 homo
744 3725 948 3788 vetus,
975 3723 1040 3776 et
1062 3721 1263 3799 gestat
1285 3711 1729 3776 indumentum
1748 3707 1925 3796 regui
1947 3709 2378 3780 tenebrarum,

345 3817 787 3885 vestimentum
841 3816 1285 3905 blasphemiae,
1347 3815 1749 3890 diffidentiae,
1809 3812 2086 3879 audaciae
2106 3862 2124 3888 ,
2183 3813 2386 3878 inanis

344 3921 584 4014 gloriae,
622 3925 949 4013 superbiae,
984 3920 1280 3997 avaritiae,
1306 3932 1372 3985 et
1396 3920 1951 4009 concupiscentia),
1978 3931 2044 3985 et
2067 3919 2185 3996 alia
2217 3918 2384 3990 simi·

419 4070 435 4097 ·
462 4058 591 4118 Pul.
613 4074 692 4117 ιν,
713 4074 765 4132 7.
789 4083 846 4097 -
869 4073 892 4097 ⁸
914 4059 1059 4114 ³0⁸0.
1085 4075 1122 4118 ι,
1142 4074 1227 4127 ²9·
1248 4084 1312 4106 ·.-
1338 4060 1361 4106 ὓ,
1391 4073 1411 4110 ι
1435 4055 1609 4109 Thoes.
1638 4071 1697 4121 v,
1719 4056 1767 4110 6.
