2982 4885
1134 595 1390 640 nomm
1436 594 1545 641 m.
2282 557 2373 659 85}

324 720 508 795 putat
533 729 677 774 cum
700 707 933 783 anima,
968 722 1039 776 ut
1061 710 1257 779 homo
1281 735 1428 778 cum
1457 710 1734 777 homine.
1767 707 2102 799 Responde
2130 721 2192 774 tu
2219 732 2374 797 quo·

328 836 453 901 que
478 813 565 877 sic
600 836 616 875 ε
656 841 679 871 ι
710 813 927 878 Habeo
964 815 1322 883 testimonia
1356 816 1656 893 Domini,
1695 816 1929 905 scripto
1956 814 2318 903 consignata
2349 837 2367 879 :

327 915 490 986 Nolo
522 931 793 983 mortem
827 931 1237 1009 peccatorum
1258 972 1274 996 ‚
1310 923 1421 987 sed
1444 920 1908 1012 poeuitentiam‚
1946 931 2014 984 ut
2045 931 2371 984 converta-

329 1033 434 1089 tur
455 1023 583 1113 ipse
609 1047 642 1088 a
672 1022 767 1088 via
797 1048 1090 1114 perversa
1111 1075 1128 1100 ,
1157 1040 1218 1090 et
1257 1027 1439 1093 vivat.
1478 1056 1499 1085 ι
1531 1027 1869 1116 Propterea
1904 1025 2073 1089 enim
2102 1026 2369 1088 descen-

329 1127 420 1194 dit
441 1127 751 1195 Dominus
776 1179 793 1204 .
831 1143 900 1196 ut
935 1144 1302 1221 peccatores
1333 1135 1604 1198 salvaret
1625 1181 1642 1206 ,
1672 1143 1962 1198 mortuos
1993 1127 2369 1205 suscitaretss

329 1244 392 1299 ot
415 1254 448 1298 a
477 1246 687 1299 morte
720 1236 1081 1301 vulneratos
1121 1236 1467 1302 vivificaret
1501 1285 1519 1312 ,
1560 1249 1624 1300 et
1666 1257 1812 1312 eos,
1841 1235 1952 1322 qui
1991 1235 2056 1300 in
2090 1233 2372 1300 tenebris

329 1350 542 1413 erant,
584 1337 985 1406 illuminaret.
1022 1340 1183 1406 Vere
1214 1342 1385 1407 enim
1418 1340 1732 1407 Dominus
1763 1341 2101 1405 adveniens
2126 1389 2144 1415 ‚
2180 1361 2371 1404 voca-

328 1441 417 1508 vit
461 1465 577 1508 uos
610 1444 672 1508 in
705 1444 1110 1534 adoptionem
1147 1445 1423 1511 filiorum
1445 1495 1462 1520 ,
1501 1446 1581 1511 ad
1615 1456 1896 1510 sanctam
1936 1458 2000 1510 et
2037 1444 2210 1534 pacis
2240 1457 2377 1518 stu-

336 1544 576 1608 diosam
602 1545 945 1620 civitatem,
964 1551 1045 1610 ad
1067 1548 1258 1611 vitam
1273 1572 1600 1634 nunquam
1616 1546 1992 1636 perituram,
2014 1551 2094 1612 ad
2117 1547 2379 1633 gloriam

337 1646 892 1735 incorruptibilem
918 1673 935 1721 3
964 1650 1156 1712 modo
1180 1672 1293 1714 nos
1325 1651 1640 1739 principio
1671 1652 1912 1715 bonum
1945 1649 2136 1714 finem
2170 1672 2384 1739 super-

340 1765 697 1827 struemus,
734 1767 1212 1841 perseverantes
1262 1757 1324 1821 in
1368 1771 1784 1846 paupertate,
1833 1755 2380 1847 peregrinatione,

336 1858 675 1924 afflictione
713 1846 778 1924 et
811 1860 1235 1946 postulatione
1267 1884 1417 1950 erga
1439 1862 1673 1938 Deum,
1703 1864 1942 1955 absque
1972 1864 2102 1927 ullo
2136 1863 2381 1951 pudore
2468 1890 2483 1906 ³

334 1965 655 2054 pulsantes
696 1962 977 2050 januam.
1024 1964 1587 2044 Quemadmodum
1624 1968 1795 2034 enim
1840 1989 2072 2057 corpus
2115 1967 2379 2055 propin-

336 2090 532 2156 quum
569 2081 663 2134 est
696 2069 921 2135 animae
949 2095 965 2142 ς
1004 2069 1085 2141 ita
1123 2073 1383 2159 propior
1411 2087 1507 2140 est
1539 2073 1850 2139 Dominus
1883 2072 1961 2138 ad
1995 2070 2378 2138 veniendum

335 2183 399 2237 et
430 2174 837 2261 aperiendum
872 2177 1159 2240 occlusas
1188 2177 1355 2242 sores
1380 2179 1618 2252 cordis,
1643 2190 1708 2245 et
1739 2179 1819 2244 ad
1844 2176 2244 2267 largiendum
2269 2198 2382 2242 no·

337 2278 435 2343 bis
483 2279 727 2345 divitias
780 2284 1085 2346 caelestes.
1149 2282 1366 2347 Bonus
1423 2283 1736 2369 siquidem
1791 2295 1888 2347 est
1932 2294 1994 2347 et
2048 2281 2381 2347 hominum

342 2402 605 2456 amans3
649 2393 716 2445 et
752 2382 1018 2449 falsitate
1049 2383 1188 2468 ejus
1231 2386 1685 2471 promissiones
1731 2397 1987 2461 carent,
2035 2385 2229 2452 modo
2270 2406 2383 2451 nos

340 2507 820 2576 perseveremus
862 2489 941 2549 ad
983 2485 1176 2549 finem
1227 2509 1428 2573 usque
1468 2490 1533 2552 in
1583 2490 1793 2552 studio
1840 2511 1989 2553 eum
2035 2488 2376 2574 quaerendi.

341 2591 561 2659 Gloria
616 2590 1128 2657 miserationibus
1169 2591 1371 2658 Patris
1419 2606 1483 2659 et
1527 2592 1671 2659 Filii
1722 2605 1785 2660 et
1838 2590 2112 2681 Spiritus
2163 2591 2383 2657 sancti.

340 2698 573 2765 Amen.
1334 2716 1341 2723 ‘

335 2947 398 2973 m
408 2949 472 2974 §So
497 2949 947 2977 ὶωδὶἎὶἏἉὶἏΜ
958 2950 1504 2981 ἉὶΜὶἱὶΜΜΜ
1515 2947 2392 2981 ἉΜΜΜΜΜΜΝἈΜΜ

1057 3140 1457 3231 ΗΟΜῙΙᾸΑ
1510 3139 1666 3207 xn.

342 3371 456 3437 De
491 3383 681 3437 statu
728 3367 913 3437 Acloe
930 3419 951 3451 ‚
1011 3383 1401 3462 antequam
1449 3358 2057 3459 tramgrederecur
2093 3354 2390 3441 neurada,-

438 3496 589 3549 tum
628 3482 771 3550 Dee·
793 3506 813 3547 .·
838 3495 917 3550 et
918 3486 1325 3577 postquam
1355 3484 1600 3548 amisit
1618 3476 2000 3571 propriam
2040 3494 2130 3538 ac
2156 3467 2392 3539 caeles·

439 3609 575 3663 tem
602 3596 1010 3689 imaginem.
1040 3593 1359 3662 Continet
1383 3612 1662 3687 quoque
1688 3580 2006 3656 Homilia
2030 3581 2391 3678 quasdam

442 3712 861 3797 quoestiones
893 3703 1106 3776 valde
1140 3704 1364 3774 utiles,

435 3939 483 4006 Ι.
539 3935 725 4005 AnAn
753 3950 1171 4028 transgressus
1195 3938 1597 4010 mandatum,
1639 3932 1890 4000 duobus
1925 3930 2134 3998 modis
2162 3927 2384 4033 periit:

343 4068 473 4109 uno
516 4041 778 4130 quidem
802 4090 818 4115 ,
853 4048 1024 4130 quod
1061 4044 1338 4131 perdidit
1376 4040 1836 4131 possessionem
1889 4060 2110 4126 puram
2155 4046 2396 4101 naturse
