2982 4885
869 542 948 586 ms
999 542 1302 585 cus-roam
1355 542 1588 585 conms.
1805 509 1812 517 ’
2125 524 2251 590 315

221 660 334 726 Vix
363 658 515 723 boni
543 656 953 721 semiunciam
969 657 1197 721 haheo.
1222 657 1288 721 Si
1314 669 1525 721 autem
1546 657 1669 721 hoc
1696 657 1931 736 dicere,
1961 663 2043 727 ob
2076 685 2253 729 vanae

219 763 427 853 gloriae
453 762 756 835 studium,
792 764 1145 837 erubescit3
1185 765 1405 828 saltem
1446 762 1617 849 quod
1647 763 1886 849 justum
1912 780 2007 832 est
2038 769 2252 855 prose-

219 882 336 942 rat‚
372 868 760 953 fateaturque
788 880 919 932 tum
946 869 1099 954 quid
1129 868 1193 933 in
1228 892 1293 933 se
1329 881 1629 956 operetur
1660 868 1858 956 gratia
1879 921 1896 945 ,
1932 886 2064 938 tum
2097 876 2250 962 quid

218 996 290 1037 ex
310 986 486 1060 parte
510 975 702 1038 altera
723 987 1054 1060 peccatum
1073 974 1388 1039 moliatur.
1412 973 1556 1038 Jam
1576 973 1743 1037 circa
1769 974 1833 1037 id
1849 980 2020 1062 quod
2035 979 2159 1043 dixi
2174 982 2254 1045 de

218 1080 448 1153 anima,
476 1080 678 1144 inesse
708 1081 795 1144 illi
830 1080 1323 1167 profunditatem
1347 1081 1755 1152 latebrosam.
1784 1083 2085 1169 exemplis
2110 1097 2254 1149 ute-

219 1208 358 1247 mur
375 1186 661 1249 membra
687 1186 878 1272 ipsius
904 1186 1356 1251 describentes.
1391 1183 1952 1264 Quemadmodum
1982 1187 2150 1252 enim
2182 1200 2253 1253 ut

215 1289 308 1352 sol
326 1300 444 1363 est,
479 1288 565 1354 ita
593 1302 740 1354 sunt
770 1313 845 1354 ex
871 1288 1004 1377 ipso
1033 1291 1245 1379 plures
1276 1289 1474 1364 radii;
1510 1302 1583 1355 ut
1599 1290 1788 1357 arbor
1810 1293 1930 1356 alta
1954 1305 2073 1367 est,
2094 1293 2256 1358 itaet

216 1414 422 1456 ramos
459 1392 690 1467 habet:
726 1389 798 1458 ut
832 1393 1049 1458 civitas
1079 1417 1306 1483 magna
1342 1405 1440 1459 est
1469 1407 1536 1460 et
1565 1394 1816 1459 circum
1838 1393 2029 1461 habet
2065 1399 2255 1464 urbes

215 1498 483 1562 multas:
520 1495 611 1561 sic
641 1509 736 1562 est
760 1498 1175 1563 intellectuali
1298 1500 1317 1518 ¹
1380 1511 1392 1518 ‘
1489 1500 1531 1518 ‘⁶
1585 1501 1995 1572 ‚immortalis
2019 1500 2272 1578 anima,⁴

213 1599 625 1687 pulchritudo
678 1602 950 1690 pretiosa
1003 1626 1175 1690 supe1
1585 1617 1880 1684 ·eaturas‚
1936 1605 2144 1694 imago
2195 1615 2262 1669 et

213 1707 628 1771 simulacrum
651 1707 808 1783 Dei‚·
846 1708 909 1772 in
946 1708 1112 1774 hanc
1152 1731 1175 1773 τ
1585 1709 1642 1773 ia
1675 1710 1927 1774 duobus
1969 1694 2263 1775 ei'radiis

214 1809 506 1901 affulget,
557 1825 665 1877 aut
698 1835 778 1878 ex
817 1814 1109 1877 universa
1155 1836 1417 1895 amore,
1452 1836 1612 1878 uuos
1655 1814 1971 1878 illuminat
2014 1834 2260 1890 ramos,

146 1975 149 1980 .
214 1932 322 1984 aut
353 1919 531 1983 binas
570 1921 877 1984 duntaxat
903 1941 982 1983 ex
1029 1918 1320 1985 universa
1368 1917 1695 2006 provincia
1744 1913 1940 1983 urbes
1979 1916 2262 2005 ingredi-

211 2038 332 2090 tur.
381 2022 573 2103 Quod
621 2021 957 2113 allegorice
1003 2023 1316 2113 significat
1361 2046 1557 2089 unam
1598 2035 1846 2088 tautum
1883 2034 1950 2087 et
1994 2024 2255 2087 alteram

214 2127 435 2193 animae
484 2130 832 2217 potentiam
876 2130 1077 2217 gratia
1129 2129 1448 2218 contingi,
1500 2130 1709 2195 adhue
1754 2150 1905 2194 vero
1948 2126 2254 2215 plurimas

210 2232 351 2318 ejus
380 2233 560 2319 quasi
595 2235 890 2299 membro
918 2246 1187 2319 peccato
1217 2234 1443 2299 teneri.
1488 2235 1846 2319 Utcumque
1878 2245 2163 2298 autumet
2188 2256 2257 2298 se

213 2350 414 2401 totam
437 2359 518 2400 ex
544 2347 678 2399 toto
710 2336 1008 2399 transisse
1037 2337 1102 2399 in
1127 2349 1372 2422 partem
1396 2338 1752 2411 meliorem,
1788 2350 1854 2402 et
1878 2338 1949 2401 in
1982 2337 2255 2411 solidum

216 2465 249 2506 a
281 2439 478 2529 gratia
503 2438 831 2526 possideri,
861 2450 927 2502 et
945 2436 1085 2524 ejus
1116 2438 1308 2503 radiis
1331 2438 1704 2524 splendere3
1730 2462 2067 2525 perperam
2099 2438 2259 2502 sub·

218 2543 425 2613 ductis
457 2544 808 2610 rationibus
826 2569 844 2618 ;
876 2541 961 2607 ita
991 2554 1067 2606 ut
1098 2565 1245 2607 cum
1269 2542 1372 2608 vix
1403 2543 1685 2629 quinque
1715 2543 1909 2607 libras
1944 2544 2079 2606 auri
2110 2565 2259 2607 vere

217 2650 472 2724 habeat,
511 2648 630 2713 sibi
654 2661 868 2712 tamen
891 2650 1265 2735 persuadeat
1296 2668 1425 2713 non
1457 2648 1669 2739 minus
1696 2646 1872 2712 libris
1905 2658 2164 2711 centum
2188 2670 2255 2712 se

216 2755 559 2844 possidere.
609 2753 709 2819 An
750 2753 937 2818 soetus
967 2750 1175 2818 adhuc
1212 2753 1500 2819 informis
1533 2753 1596 2819 in
1626 2766 1810 2819 utero
1833 2802 1851 2828 ,
1887 2752 2082 2817 homo
2122 2752 2255 2839 jam

214 2858 533 2949 perfectus
568 2858 716 2924 esti)
754 2857 854 2924 An
887 2859 994 2945 qui
1018 2882 1218 2924 unum
1251 2860 1316 2924 in
1351 2860 1840 2930 fundamentum
1871 2859 2148 2948 lapidem
2170 2858 2257 2946 je·

214 2967 327 3040 cit,
364 2966 496 3052 jam
513 2965 779 3054 perfecit
801 2963 1184 3030 aedificium?
1219 2967 1443 3030 Utrum
1468 2988 1684 3031 semen
1711 2967 1887 3030 sulco
1913 2963 2264 3052 ingestum,⁴

210 3071 339 3159 jam
367 3068 538 3158 spica
562 3068 698 3135 esti’
722 3067 887 3135 Num
1217 3094 1263 3146 r,
1291 3071 1400 3158 qui
1432 3073 1626 3137 modo
1658 3069 2207 3158 incipihnegotiari
2230 3119 2249 3145 ,

213 3177 480 3265 replevit
501 3173 630 3263 jam
658 3172 994 3264 apothecas
1012 3200 1040 3240 ι’
1070 3200 1211 3262 rum
1242 3198 1391 3242 sane
1413 3176 1637 3266 magis,
1665 3177 1775 3264 qui
1794 3176 2015 3265 primae
2038 3176 2252 3265 gratiae

213 3281 529 3369 particeps
563 3291 659 3345 est
680 3280 885 3345 sactus
907 3331 925 3357 ,
967 3281 1098 3368 jam
1130 3282 1527 3348 Christianus
1550 3296 1666 3348 est.
1699 3281 1892 3367 Atqui
1916 3281 2105 3368 primi
2140 3278 2256 3365 ipsi

212 3409 289 3452 ac
329 3382 541 3474 magni
574 3386 664 3451 sic
709 3409 776 3450 se
816 3389 896 3451 ad
937 3386 1393 3472 perfectionem
1439 3389 1705 3462 habent,
1749 3397 1824 3483 ut
1854 3382 2141 3449 minister
2175 3383 2255 3446 ad

211 3493 693 3580 imperatorem,
732 3504 808 3556 ut
839 3490 1075 3554 rivulus
1117 3494 1196 3552 ad
1233 3491 1624 3576 Euphratem
1669 3488 1955 3556 fluvium.
1998 3487 2252 3553 Habens

213 3598 611 3685 propositum
640 3597 707 3659 in
741 3595 971 3660 urbem
1006 3591 1201 3655 eundi
1240 3592 1494 3676 triginta
1528 3596 1773 3659 dierum
1806 3594 2032 3659 itinere
2073 3592 2257 3658 dissi-

219 3713 383 3772 tam3
420 3720 502 3761 ne
543 3698 656 3761 ubi
702 3699 969 3763 biduum
1001 3706 1111 3760 aut
1158 3695 1439 3760 triduum
1482 3695 1597 3760 vite
1624 3693 1961 3784 peregerit,
2011 3695 2141 3781 jam
2187 3718 2257 3762 se
2347 3775 2353 3779 ι

215 3814 401 3893 putet
439 3802 790 3889 ingressum
818 3823 955 3866 esse
985 3801 1301 3866 civitatem
1333 3802 1526 3868 illam.
1562 3801 1881 3882 Quoniam
1912 3800 2103 3890 igitur
2138 3790 2253 3866 ad-

214 3903 491 3972 versaria
514 3917 791 3994 potestas
819 3905 1142 3996 instigare,
1165 3928 1296 3973 non
1323 3918 1534 3985 autem
1558 3905 1787 3974 afferro
1809 3900 2251 3972 necessitatem

217 4022 460 4101 potem
488 4004 699 4083 divina
729 4009 881 4081 item
903 4009 1099 4100 gratia
1130 4007 1452 4092 hortatur,
1484 4015 1746 4101 propter
1770 4006 1866 4088 sni
1893 4020 2117 4100 poten·
2150 4026 2254 4077 ar-
