2982 4885
1197 512 1455 559 nomm
1507 511 1587 557 ιν.
1959 564 1968 571 ,
2332 487 2416 579 37

370 628 584 718 gloriae
609 627 925 719 particeps
956 626 1131 706 fieri,
1166 653 1266 705 ea,
1303 630 1589 717 inquam,
1639 626 1881 704 anima,
1926 647 2067 715 quae
2110 648 2227 703 eo,
2279 625 2418 693 Deo

372 733 652 811 scilicet,
692 735 1037 823 dignaest,
1074 735 1261 823 eique
1292 738 1638 826 perplacet.
1683 732 1750 798 Si
1789 732 1960 798 enim
1997 732 2168 799 Deus
2198 733 2414 810 exiis,

374 861 512 926 quae
544 861 675 905 non
708 852 925 916 erant,
963 851 1035 905 ut
1064 854 1306 918 essent,
1358 840 1644 906 condidit
1690 839 1858 905 hanc
1888 838 2197 905 visibilem
2239 861 2422 905 crea-

374 956 582 1010 turam
598 944 653 1021 ¹,
677 968 904 1034 magna
929 969 1078 1012 cum
1103 946 1458 1013 differentia
1482 957 1548 1011 et
1571 943 1896 1020 varietate,
1913 966 2052 1031 quie
2076 957 2420 1032 antequam

370 1048 588 1126 fieret,
631 1072 762 1116 non
792 1064 968 1128 erat3
1002 1052 1200 1118 voluit
1223 1053 1415 1118 etiam
1435 1101 1452 1126 ,
1479 1064 1548 1116 et
1568 1052 1746 1116 nullo
1778 1072 1928 1116 cum
1951 1049 2170 1116 labore
2196 1050 2422 1118 condi-

373 1155 466 1221 dit
479 1156 646 1220 exiis
663 1205 681 1233 ,
700 1178 839 1244 quae
855 1180 984 1223 non
1007 1175 1211 1235 erant,
1247 1157 1633 1224 substantias
1658 1156 1888 1221 solidas
1912 1166 1977 1220 et
2003 1156 2218 1232 duras,
2245 1158 2424 1222 velut

374 1272 610 1327 terram
632 1310 651 1337 ,
684 1276 936 1329 montes
954 1311 974 1340 ,
1010 1265 1294 1340 arbores,
1327 1265 1494 1351 (quae
1524 1261 1789 1327 durities
1812 1271 2055 1326 naturae
2078 1260 2159 1327 sit
2188 1259 2415 1346 vides,)

372 1381 439 1435 et
474 1391 698 1434 rursus
723 1370 963 1435 medias
994 1392 1223 1457 aquas,
1245 1381 1312 1434 et
1335 1368 1506 1435 exiis
1533 1370 1826 1433 volucres
1855 1366 2031 1433 nasci
2061 1364 2422 1432 mandavit:

375 1486 441 1538 et
471 1475 684 1539 denuo
717 1474 1005 1539 tenuiora
1026 1524 1044 1549 ,
1072 1475 1284 1562 ignem
1315 1496 1389 1539 ac
1420 1484 1643 1540 ventos
1661 1520 1679 1547 ,
1707 1484 1771 1537 et
1794 1483 2046 1547 caetera,
2072 1493 2426 1565 quaeprop3-

381 1587 480 1641 ter
512 1577 929 1641 subtilitatem
961 1578 1163 1641 aciem
1186 1578 1357 1641 oculi
1387 1576 1680 1662 corporei
1716 1575 2047 1661 effugiunt.

471 1676 588 1745 XI.
646 1676 793 1756 Quo
821 1690 1010 1767 pacto
1040 1677 1289 1744 infinita
1316 1691 1383 1743 et
1412 1677 1747 1743 ineffabilis
1777 1676 2147 1766 multiplicis
2169 1677 2422 1768 sapien-

258 1790 263 1793 *
378 1781 483 1848 tiae
534 1782 762 1848 divinae
807 1783 1072 1849 scientia
1119 1783 1406 1850 condidit
1447 1807 1526 1849 ex
1570 1781 1686 1859 iis,
1729 1805 1869 1870 quae
1907 1804 2037 1848 non
2076 1795 2310 1860 erant,
2363 1797 2431 1850 et

377 1889 716 1963 crassiora,
757 1901 821 1955 et
851 1890 1224 1966 subtiliora,
1258 1902 1321 1955 et
1355 1889 1741 1980 simpliciora
1767 1911 2076 1978 corpora,
2101 1913 2244 1977 quae
2265 1892 2425 1957 sub-

379 1993 674 2060 sisterent
709 1997 1033 2061 voluntate
1084 2017 1246 2062 sua:
1291 2006 1531 2083 quanto
1572 1994 1774 2084 magis
1822 1994 1957 2084 ipse
1987 2045 2006 2072 ,
2053 1994 2163 2082 qui
2210 2009 2308 2062 est
2354 2008 2428 2061 ut

376 2103 549 2176 vult,
593 2113 659 2167 et
699 2105 871 2190 quod
910 2102 1087 2178 vult,
1130 2125 1245 2191 per
1276 2101 1769 2168 inenarrabilem
1800 2101 2206 2167 clementiam
2237 2111 2303 2168 et
2341 2100 2434 2167 in-

376 2207 1404 2295 comprehensibilem‹bonitatem
1436 2230 1504 2272 se
1534 2207 1667 2297 ipse
1705 2219 2091 2273 transmutat
2124 2219 2191 2273 et
2211 2206 2428 2273 humi-

376 2312 489 2376 liat
510 2358 529 2385 ,
556 2333 748 2397 seque
774 2312 1110 2385 assimilat,
1138 2324 1462 2399 assumpto
1485 2314 1700 2397 quoad
1731 2333 1930 2399 capax
1952 2312 2106 2387 suit,
2130 2333 2426 2401 corpore,
2489 2325 2501 2331 '

379 2412 652 2490 sanctis,
698 2414 902 2502 dignis
937 2436 1012 2479 ac
1042 2412 1336 2478 fidelibus
1369 2415 1699 2479 animabus
1719 2438 1739 2487 ς
1783 2427 1853 2478 ut
1885 2416 2310 2505 conspiciatur
2347 2418 2427 2484 ab

379 2521 457 2588 iis
488 2520 539 2584 is
578 2517 688 2604 qui
718 2518 833 2582 sub
863 2528 1192 2606 aspectum
1222 2538 1351 2582 non
1383 2516 1554 2581 cadit
1575 2564 1594 2591 ,
1628 2528 1694 2581 et
1723 2528 2162 2583 contrectetur
2199 2542 2428 2586 secun-

362 2625 540 2694 ,dum
573 2633 861 2687 naturam
892 2621 1215 2687 tenuitatis
1252 2621 1514 2720 animae,
1552 2620 1605 2686 is
1636 2620 1746 2708 qui
1779 2633 2020 2688 tactum
2048 2644 2307 2691 omnem
2339 2624 2426 2691 ef-

354 2727 542 2817 *sugit
570 2751 587 2792 ε
606 2739 679 2826 et
710 2727 798 2792 sic
828 2730 1166 2816 degustent
1188 2727 1305 2815 ipsi
1334 2726 1474 2815 ejus
1500 2727 1870 2793 suavitatem
1890 2776 1909 2803 ,
1937 2741 2004 2795 et
2035 2729 2462 2818 benignitate.
2547 2791 2568 2817 ,

380 2835 637 2902 luminis
688 2834 1022 2900 ineffabilis
1061 2834 1399 2922 voluptatis
1451 2833 1590 2922 ipso
1623 2834 2057 2923 experimento
2101 2835 2417 2905 fruantur.

380 2941 934 3028 Quandocumque
963 2929 1201 3006 vult'sst
1231 2937 1422 3028 ignis,
1471 2960 1731 3005 omnem
1763 2939 2122 3028 improbam
2154 2953 2220 3008 et
2250 2944 2421 3008 ultro

382 3046 755 3112 accersitam
783 3045 1183 3111 affectionem
1219 3047 1514 3110 adurens.
1573 3071 1598 3104 ι
1625 3044 1797 3110 Deus
1826 3045 1997 3111 enim
2028 3058 2246 3114 noster
2264 3046 2427 3135 iguis

382 3174 811 3218 »consumens
866 3150 1011 3217 est²
1039 3199 1056 3224 ,
1099 3178 1124 3211 ι
1172 3149 1427 3237 inquit;
1484 3151 1738 3236 quando
1787 3152 1925 3218 vult
1967 3149 2042 3217 fit
2094 3151 2429 3219 ineffabilis

380 3269 447 3322 et
491 3280 719 3323 arcana
766 3256 1051 3344 requies,
1091 3267 1165 3321 ut
1190 3254 1547 3344 requiescat
1571 3255 1781 3320 anima
1816 3254 1881 3319 in
1916 3254 2138 3343 requie
2167 3256 2377 3323 divina
2405 3280 2423 3321 ε

382 3366 825 3450 quando'vult
854 3413 873 3440 ,
919 3363 993 3428 fit
1047 3362 1348 3452 gaudium
1386 3374 1452 3430 et
1494 3385 1616 3452 pax
1644 3410 1663 3439 ,
1713 3349 1932 3427 fovens
1981 3373 2046 3427 et
2085 3373 2426 3452 protegens

380 3469 683 3535 animam.

472 3576 616 3641 ΧΠ.
672 3573 740 3640 Si
780 3597 928 3640 vero
962 3573 1134 3641 Deus
1167 3571 1321 3639 velit
1372 3571 1481 3637 uni
1507 3583 1865 3637 creaturam
1898 3570 2170 3637 similem
2196 3594 2263 3638 se
2286 3575 2405 3642 red

387 3681 561 3756 dere,
585 3695 847 3770 propter
865 3679 1319 3747 exultationem
1341 3687 1407 3741 et
1436 3675 1718 3748 laetitiam
1741 3675 2231 3764 intelligibilium
2256 3698 2404 3744 crea

386 3793 704 3860 turarum,
736 3789 912 3852 velut
942 3797 1036 3851 est
1066 3795 1178 3850 aut
1205 3781 1422 3850 civitas
1454 3780 1618 3845 lucis
1647 3780 2003 3847 Jerusalem
2024 3830 2043 3857 ,
2091 3794 2201 3847 aut
2235 3803 2424 3848 mons

384 3884 545 3956 Sion
582 3890 848 3962 coelestis
877 3940 896 3967 ,
936 3902 1146 3982 potest
1186 3911 1303 3979 pro
1340 3886 1667 3953 voluntate
1700 3886 1911 3980 omnia
1940 3935 1961 3966 ,
2003 3887 2388 3976 quemadmo

457 4037 474 4065 ⁸
503 4025 651 4077 Rom.
677 4039 747 4083 iv,
773 4039 850 4092 ¹7·
870 4052 934 4068 --
955 4042 975 4066 ·
997 4028 1144 4079 Deut-
1170 4043 1242 4090 xv,
1266 4025 1347 4087 ²4·
1370 4023 1534 4077 Hebr.
1556 4037 1651 4107 ιιι,
1676 3990 1761 4090 29⁸.
