2982 4885
1010 582 1192 628 mnan
1210 560 1221 571 ’
1241 584 1321 627 nn
1371 583 1740 631 mannsmus.
2269 559 2401 650 519

358 719 531 774 rem,
573 698 687 764 scd
714 719 946 789 corpus
976 703 1182 765 solum
1214 701 1525 777 hominis,
1561 714 1625 767 et
1664 720 1810 767 cum
1847 699 2228 767 subtrahunt
2260 702 2401 768 ani-

360 826 530 871 mam
563 828 597 869 a
629 827 932 893 corpore,
976 829 1190 871 veram
1223 808 1543 893 denegant
1578 808 1908 873 hominum
1940 808 2393 875 salubritatem.

361 910 700 990 Quomodo
729 912 939 999 itaque
968 923 1178 1000 potest
1203 912 1327 977 dici
1362 913 1568 978 anima
1590 962 1603 985 ‚
1641 935 1780 1000 quae
1811 935 1939 976 non
1971 926 2218 1000 sumpta
2241 924 2338 979 'est
2360 914 2401 979 ιι

361 1012 722 1090 Salvatore,
757 1038 907 1081 cum
941 1015 1225 1082 Salvator
1247 1017 1417 1082 dicat
1446 1039 1462 1081 ε
1500 1042 1525 1075 ι
1550 1016 1770 1082 Tristis
1792 1027 1888 1081 est
1910 1016 2118 1082 anima
2140 1040 2275 1081 mea
2298 1042 2399 1082 us·

360 1142 531 1208 »que
562 1116 643 1186 ad
670 1133 943 1187 mortem
963 1121 1083 1186 ¹1³»
1115 1122 1414 1209 Alioquin
1451 1115 1661 1188 anima
1692 1121 1819 1187 dici
1847 1143 1975 1186 non
2016 1122 2242 1209 potuit,
2275 1123 2397 1189 nisi

361 1240 526 1291 esset
554 1225 616 1291 in
648 1250 725 1292 eo
757 1228 945 1316 cujus
977 1225 1177 1294 causa‘
1200 1227 1557 1292 advenerat.
1599 1226 1816 1314 Itaque
1848 1226 1981 1293 haec
2014 1238 2280 1314 utraque
2331 1228 2396 1293 in

360 1331 834 1420 comparatione
848 1331 1223 1407 salvatoris,
1243 1332 1308 1398 id
1324 1344 1449 1407 est,
1470 1350 1703 1419 corpus
1732 1344 1868 1397 erat
1882 1344 1947 1397 et
1979 1332 2184 1396 anima
2204 1382 2221 1407 ‚
2249 1356 2397 1418 ,quse

358 1456 479 1524 pro
514 1446 725 1499 nostra
750 1437 953 1501 salute
972 1437 1263 1524 dignatus
1286 1448 1383 1501 est
1416 1459 1686 1502 sumere.
1725 1436 1902 1501 Scire
1927 1457 2044 1500 nos
2067 1436 2360 1502 convenit
2378 1485 2395 1507 ,

359 1540 534 1625 quod
569 1551 634 1603 et
668 1539 941 1605 animam
969 1563 1208 1617 ‚veram
1246 1540 1532 1614 hominis
1554 1540 1813 1615 habuit,
1855 1540 2250 1605 intellectum
2282 1538 2402 1619 ha<

361 1641 620 1709 bentem
638 1691 657 1718 ,
684 1656 748 1708 et
771 1666 1001 1733 corpus
1022 1645 1300 1712 hominis
1324 1667 1580 1710 sensum
1607 1646 1925 1710 carnalem
1949 1643 2169 1709 itidem
2188 1692 2207 1719 ,
2234 1655 2309 1708 ut
2337 1655 2404 1707 et

362 1747 579 1812 dolere
609 1761 820 1836 posset
851 1771 1121 1838 corpore
1147 1799 1163 1825 ,
1190 1763 1256 1815 et
1276 1750 1498 1816 emori.
1536 1750 1778 1815 Tamen
1808 1750 1889 1814 de
1919 1760 2140 1814 sancto
2161 1748 2400 1835 Spiritu

361 1848 523 1916 facta
549 1850 686 1917 hoec
720 1853 1127 1942 cognoscitur
1155 1840 1341 1932 caro,
1370 1867 1435 1920 et
1456 1867 1670 1920 creata
1695 1854 1902 1919 anima
1932 1852 2204 1928 scilicet,
2237 1852 2405 1917 sicut

362 1956 668 2047 scriptum
706 1971 802 2024 est
831 1959 894 2024 in
920 1959 1263 2049 Evangelio
1292 1983 1308 2023 ε
1350 1987 1376 2020 ι
1400 1959 1674 2049 Spiritus
1707 1970 1963 2023 sanctus
2002 1956 2407 2045 superveniet

361 2087 389 2121 ι
408 2059 473 2125 in
508 2072 572 2127 te
601 2074 668 2128 et
695 2062 895 2127 virtus
933 2063 1238 2130 Altissimi
1273 2064 1687 2129 obumbrabit
1717 2061 1843 2129 te².
1869 2090 1901 2122 ·»
1932 2063 2012 2128 Et
2043 2062 2218 2150 quod
2265 2062 2408 2129 ani-

364 2187 535 2231 mam
572 2188 787 2231 veram
823 2167 1080 2243 habuit,
1119 2171 1383 2235 dicens:
1420 2196 1445 2229 ι
1469 2169 1768 2235 Animam
1810 2189 2017 2234 meam
2062 2190 2179 2256 pro
2222 2166 2402 2243 vobis

365 2295 393 2329 ι
411 2267 635 2357 pono⁸.
668 2294 693 2327 ι
718 2269 800 2334 Et
832 2271 911 2335 do
940 2292 1132 2336 carne
1162 2272 1445 2360 passibili
1479 2272 1559 2335 ad
1587 2272 1920 2343 Thomam.
1949 2297 1975 2330 ι
1997 2271 2190 2350 Quod
2218 2273 2406 2360 spiri-

367 2400 395 2434 ι
415 2384 516 2438 tus
538 2394 667 2436 non
692 2371 887 2438 habet
903 2395 1044 2438 ossa
1067 2386 1135 2440 et
1157 2397 1443 2449 carnem,
1469 2374 1636 2444 sicut
1657 2396 1763 2439 me
1785 2373 2009 2437 videtis
2038 2372 2274 2439 habere
2291 2376 2337 2440 ⁴.
2361 2404 2390 2441 ι

366 2477 449 2545 Et
491 2479 812 2565 apostolus
857 2478 1083 2547 Petrus
1128 2481 1209 2545 de
1257 2477 1584 2546 Salvatore
1636 2490 1898 2544 testatus
1951 2489 2075 2553 est,
2133 2477 2352 2544 dicens
2381 2503 2399 2545 ε

386 2607 411 2640 ι
435 2581 642 2668 Hujus
667 2581 873 2646 anima
902 2603 1033 2649 non
1071 2582 1370 2649 derelicta
1406 2594 1503 2649 est
1532 2582 1599 2648 in
1630 2582 1877 2649 inferno
1895 2631 1913 2657 ,
1941 2604 2063 2652 nec
2089 2605 2238 2647 caro
2266 2582 2407 2669 ejus

371 2685 575 2749 »vidit
603 2686 1149 2774 corruptionem⁵.
1188 2713 1213 2746 ι
1246 2687 1339 2752 Ex
1368 2709 1495 2776 quo
1537 2697 1750 2753 autem
1791 2686 2155 2751 incarnatus
2185 2700 2315 2761 est,
2346 2699 2415 2751 et

371 2789 568 2856 bomo
589 2802 818 2856 nostrae
844 2813 1032 2867 causa
1055 2794 1270 2858 salutis
1287 2842 1306 2869 ‚
1323 2806 1389 2859 et
1408 2794 1580 2859 Deus
1602 2816 1788 2860 verus
1812 2793 2122 2870 creditur,
2150 2813 2411 2882 eognos-

369 2894 563 2974 citur,
595 2897 849 2975 colitur,
880 2909 947 2964 et
977 2899 1044 2964 in
1073 2895 1357 2966 Ecclesia
1389 2899 1706 2967 catholica
1736 2899 2135 2988 praedicatur.

1115 3111 1284 3163 xut.
1320 3110 1669 3164 Tnom'rAE.
1747 3155 1752 3158 .

461 3299 754 3366 Tuom-m
778 3313 927 3366 sunt
946 3302 1054 3389 qui
1078 3304 1301 3369 dicunt
1325 3324 1704 3369 conversum
1725 3301 2012 3370 Verbum
2031 3302 2094 3366 in
2125 3323 2409 3379 carnem,

376 3425 507 3469 non
554 3402 977 3490 intelligentes
1025 3406 1199 3491 quod
1241 3408 1328 3471 ait
1360 3410 1682 3495 apostolus
1708 3401 1989 3472 Joannes
2021 3427 2036 3468 ι
2081 3430 2106 3464 ι
2129 3403 2415 3472 Verbum

376 3535 404 3569 ι
423 3529 570 3573 caro
603 3506 844 3572 factum
866 3518 963 3571 est
978 3554 995 3578 ,
1018 3499 1406 3571 et'bubitavit
1427 3509 1494 3572 in
1518 3509 1737 3574 nobis⁸
1752 3560 1769 3585 ,
1787 3538 1815 3572 ι
1834 3531 1962 3574 non
1985 3511 2413 3585 attendentes,

380 3612 555 3697 qnod
584 3608 867 3675 Verbum
911 3619 1006 3673 est
1045 3608 1481 3682 immutabile,
1517 3624 1582 3677 et
1614 3611 2128 3686 inconvertibile,
2179 3611 2243 3676 id
2282 3625 2413 3689 est,

378 3715 554 3781 Deus
578 3711 697 3778 Dei
727 3712 943 3777 Filius.
987 3711 1150 3777 Caro
1191 3725 1401 3778 autem
1424 3737 1618 3802 quam
1652 3717 1897 3803 accepit
1927 3738 2043 3804 pro
2066 3728 2278 3781 nostra
2312 3740 2408 3782 sa-

383 3822 518 3888 lute
531 3819 711 3907 „ipse
733 3841 875 3886 eam
896 3819 1229 3887 formando
1254 3821 1591 3910 assumpsit
1606 3871 1625 3899 ,
1647 3833 1713 3886 et
1736 3820 1946 3887 induit
1965 3834 2198 3893 nostre
2229 3845 2419 3890 causa

454 4005 469 4030 ⁸
501 3996 685 4049 nnuh.
710 4013 844 4056 xxvi,
862 4000 944 4051 38.
972 3999 1035 4041 -'-
1057 4016 1077 4039 ·
1106 4000 1227 4052 Luc.
1253 4018 1291 4062 ι,
1318 4003 1397 4054 ³5.
1420 4030 1482 4043 —
1502 4004 1527 4043 Ι
1547 4002 1695 4055 loon.
1721 4018 1773 4066 x,
1805 4019 1880 4056 ιι.
1900 4027 1965 4044 --
1992 4004 2013 4047 ⁴
2033 4003 2155 4055 Ιιιιο.
2179 4017 2313 4064 uu,
2337 4003 2422 4070 39.

391 4081 497 4122 —3
526 4081 638 4134 Act.
664 4093 726 4142 n,
749 4095 913 4147 270-
937 4085 963 4122 θ
981 4082 1129 4136 loon.
1156 4099 1204 4146 ι,
1233 4083 1308 4144 ¹6·
