2982 4885
923 592 1103 641 unna
1144 593 1227 639 nn
1270 591 1643 638 BAEREsnms.
2176 574 2312 664 502

275 727 525 797 merum
545 725 611 778 et
631 733 1018 787 mensuram,
1045 725 1108 776 et
1131 712 1446 775 calculum
1477 710 1811 784 rationem,
1836 711 2028 779 etiam
2061 734 2327 802 compa·

282 818 534 882 tationis
578 816 813 882 faciens
857 818 1231 881 litterarum.
1276 816 1448 901 quasi
1481 815 1832 879 verisimilis
1869 830 1932 880 et
1983 819 2317 903 cujusdam

279 923 366 988 rei
413 945 588 986 novae
620 923 909 986 inventor
930 972 947 994 ‚
997 945 1143 985 cum
1195 921 1533 985 {estimaret
1571 944 1604 984 a
1636 922 2015 1007 quibusdam
2047 948 2110 988 se
2137 950 2320 1012 posse

277 1026 543 1101 laudari,
573 1050 699 1091 non
734 1028 794 1091 in
828 1050 1080 1116 parvam
1115 1026 1330 1090 itidem
1355 1026 1589 1090 erroris
1615 1026 1880 1090 incurrit
1918 1030 2260 1095 amentiam
2297 1057 2316 1107 ς

282 1133 431 1197 dicit
460 1133 627 1197 enim
662 1132 742 1196 ita
771 1156 786 1196 τ
820 1132 1044 1219 Viginti
1073 1144 1342 1218 quatuor
1374 1131 1598 1195 littera:
1628 1144 1799 1205 sunt,
1825 1154 1964 1218 quae
1984 1132 2323 1220 perfectio-

282 1262 424 1303 nem
472 1238 710 1303 habent
756 1239 1039 1301 oninium
1095 1259 1326 1301 rerum.
1378 1237 1644 1323 Propter
1696 1240 1867 1321 quod
1912 1250 1982 1302 et
2007 1238 2319 1319 Christus}

272 1340 508 1430 inquit,
546 1344 797 1407 (licebat
827 1367 841 1403 :
867 1370 890 1399 α
918 1342 1045 1428 ligo
1072 1364 1212 1404 sum
1238 1354 1358 1409 Aet
1378 1340 1514 1409 0¹.»
1534 1341 1801 1403 Dicebat
1833 1342 2022 1406 etiam
2052 1344 2224 1431 quod
2251 1320 2315 1410 in‘

281 1461 601 1535 postremo
634 1461 916 1535 temporo.
956 1449 1242 1510 Christus
1279 1446 1604 1510 descendit
1635 1442 1714 1509 ad
1743 1445 1964 1510 Jesum
2004 1447 2068 1511 in
2111 1447 2311 1535 figura

283 1565 347 1617 et
376 1552 782 1616 similitudine
830 1553 1178 1625 colmnbae,
1225 1565 1288 1615 et
1331 1552 1653 1616 Christum
1702 1550 1908 1638 ipsum
1960 1553 2327 1619 columbam

284 1682 420 1723 esse
453 1659 745 1731 docebat,
778 1680 917 1742 qum
953 1657 1300 1747 descendit,
1337 1656 1565 1743 iuquit,
1595 1658 1672 1720 ad
1692 1656 2028 1721 duodecim
2064 1657 2320 1730 AEonas,

257 1764 350 1835 ,id
391 1776 518 1839 ost,
556 1765 634 1828 ad
660 1763 995 1827 duodecim
1024 1763 1358 1850 Apostolos
1378 1813 1394 1837 ‚
1438 1764 1519 1827 ed
1547 1784 1744 1826 unum
1775 1785 1853 1827 ex
1877 1762 1967 1825 eis
1998 1761 2327 1835 cecidisse,

288 1869 349 1936 id
376 1881 506 1943 est,
553 1867 788 1932 «Iudam
817 1867 1187 1933 aestimabat.
1244 1868 1569 1932 Christum
1614 1878 1846 1932 autom'
1870 1867 2151 1955 putative
2176 1867 2332 1933 dicit

289 1974 670 2063 apparuisse,
699 1985 763 2038 et
784 1996 1036 2062 passum
1058 1973 1243 2037 fuisse
1260 1974 1436 2060 quasi
1462 1997 1577 2061 per
1609 1975 1929 2049 umbram,
1965 1986 2329 2040 nontamen

289 2102 434 2145 vere
456 2101 709 2168 passum
741 2102 1007 2168 corpore
1040 2078 1399 2145 arbitratur.

1008 2300 1123 2353 XV.
1162 2302 1628 2354 CononnasUS.

380 2499 542 2566 Posr
605 2497 782 2563 hunc
838 2495 1218 2561 Colorbasus
1264 2494 1552 2559 similiter
1586 2493 1653 2557 in
1691 2491 1918 2557 litteris
1965 2504 2030 2557 et
2059 2513 2328 2559 numero

294 2608 758 2670 elementorum
790 2611 1233 2687 astrorumque
1275 2611 1518 2688 septem
1538 2648 1555 2674 ‚
1596 2598 1788 2663 vitam
1815 2597 2101 2662 omnium
2124 2598 2336 2662 homi-

292 2732 476 2784 num,
504 2721 569 2774 et
604 2709 1074 2796 generationem
1101 2707 1442 2772 consistere
1476 2703 1815 2782 asserebat,
1847 2726 1975 2769 non
2004 2705 2066 2769 in
2103 2701 2335 2769 Christi

295 2814 626 2901 majestate
657 2825 723 2878 et
750 2813 1053 2903 potentia,
1113 2835 1319 2899 neque
1364 2812 1428 2876 in
1482 2811 1679 2900 ipsius
1733 2810 1967 2876 carnali
2005 2808 2334 2898 praesentia

294 2942 509 2987 veram
538 2919 875 2987 hominum
904 2917 1142 3009 sperari
1173 2919 1441 3018 salutem
1467 2917 1852 2982 advertebat.

1079 3137 1231 3189 XVI.
1264 3135 1568 3188 CERDON.

386 3326 641 3393 Cnanon
676 3337 888 3391 autem
913 3328 1171 3412 quidam
1194 3329 1463 3393 surrexit
1485 3338 1629 3415 post
1653 3324 1794 3399 hoS‚
1814 3323 1998 3412 pejus
2032 3323 2158 3387 suis
2191 3325 2336 3388 doc·-

297 3434 541 3498 toribus
574 3432 956 3522 praedicans,
1012 3433 1121 3516 qui
1164 3455 1311 3496 cum
1362 3435 1636 3528 venisset
1683 3432 1950 3498 Romam
2006 3430 2083 3492 de
2128 3427 2333 3515 Syria,

300 3563 487 3605 ausus
536 3551 634 3604 est
674 3537 888 3602 dicere
936 3537 1064 3598 duo
1094 3557 1230 3598 esse
1268 3535 1610 3620 Principia,
1653 3537 1718 3598 id
1749 3547 1867 3611 est,
1902 3557 2103 3598 unum
2136 3534 2339 3598 Deum

202 3703 207 3708 ,
296 3645 567 3715 bonum.
600 3655 668 3706 et
694 3662 897 3704 uuum
927 3642 1165 3703 malum
1202 3651 1305 3703 :et
1341 3637 1547 3702 Deum
1585 3638 1840 3723 quidem
1895 3640 2135 3704 bonum
2174 3637 2340 3702 bona

298 3747 541 3821 facere,
588 3756 654 3810 et
691 3747 933 3809 malum
971 3745 1161 3826 mala.
1217 3742 1438 3808 «lesum
1480 3755 1695 3807 autem
1751 3741 2145 3809 Salvatorem
2212 3765 2342 3808 non

298 3862 523 3934 natum
551 3848 773 3932 asserit
802 3851 881 3932 de
913 3847 1197 3936 Virgine,
1229 3871 1346 3918 nec
1378 3848 1742 3938 apparuisse
1775 3848 1840 3916 in
1863 3872 2086 3934 earne,
2120 3872 2239 3918 nec
2265 3851 2345 3914 de

299 3956 464 4023 eoelo
505 3954 901 4026 descendisse
920 4003 939 4031 ,
988 3956 1099 4025 sed
1138 3954 1417 4045 putative
1448 3952 1655 4023 visum
1701 3953 1892 4023 fuisse
1934 3956 2338 4031 hominibus,

373 4121 393 4149 ⁸
417 4108 574 4177 Apoc.
596 4107 697 4167 ι,8.
