2982 4885
1156 529 1412 577 nonnus
1458 531 1620 576 xxvi.
2297 485 2430 601 ¹9⁷7·

379 643 516 712 nihi
551 643 728 732 juvat
761 643 943 710 labor
985 644 1308 732 agricolam
1344 649 1594 714 nudum
1623 668 1839 713 semen
1872 646 2044 712 enim
2082 648 2413 735 subjacet:

384 749 509 818 hoc
535 750 801 816 transfer
829 750 908 813 ad
934 773 1033 814 res
1069 750 1440 838 spirituale&
1490 754 1555 818 Si
1585 778 1695 818 sua
1728 756 1931 820 solum
1967 753 2029 818 in
2054 755 2421 843 operatione

382 867 738 947 perseveret
757 854 950 920 homo
971 906 987 930 ,
1017 878 1131 920 nec
1164 857 1462 946 suscipiat
1485 858 1836 947 quidquam
1860 882 1892 922 a
1919 869 2141 925 natura
2173 883 2284 925 sua
2309 882 2425 926 ex-

384 974 675 1030 traneum
694 1010 712 1037 ,
733 985 859 1026 non
887 974 1093 1050 potest
1116 962 1357 1029 fructus
1391 965 1613 1052 dignos
1631 966 1903 1032 Domino
1930 968 2215 1049 reddere.
2249 965 2425 1047 Quid

383 1092 534 1158 ergo
566 1080 662 1133 est
695 1067 968 1149 hominis
1000 1068 1331 1158 operatio?
1375 1069 1880 1147 Abrenuntiare‚
1916 1071 2132 1161 egredi
2178 1093 2257 1136 ex
2302 1070 2428 1136 hoc

382 1175 627 1241 mundo
650 1222 668 1250 ‚
706 1196 1108 1264 perseverare
1139 1175 1201 1239 in
1235 1175 1557 1251 oratione,
1591 1177 1884 1265 vigilare,
1918 1170 2180 1265 diligere
2218 1175 2426 1241 Deum

387 1300 462 1345 ac
499 1277 758 1351 fratres:
805 1277 929 1343 hoc
976 1279 1308 1368 proprium
1353 1293 1450 1346 est
1493 1281 1631 1368 ejus
1678 1281 2006 1347 sustinere.
2039 1280 2280 1346 Sivero
2312 1302 2426 1347 sua

387 1384 594 1452 solum
638 1385 1005 1472 operatione
1051 1398 1389 1452 contentus
1430 1386 1545 1457 sit.
1599 1408 1716 1451 nec
1767 1408 1944 1474 spem
1989 1385 2202 1451 foveat
2257 1383 2432 1451 aliud

390 1486 714 1576 quippiam
739 1486 1158 1574 suscipiendi3
1189 1510 1395 1573 neque
1416 1490 1588 1554 venti
1621 1489 1892 1577 Spiritus
1925 1488 2126 1554 sancti
2151 1488 2433 1553 animam

397 1587 744 1655 amaverint
755 1612 774 1661 ς
800 1591 901 1653 vel
936 1582 1310 1654 emerserint
1338 1592 1543 1655 nubes
1571 1595 1887 1668 coeleste8‚
1924 1614 2001 1656 ac
2035 1588 2436 1667 descenderit

391 1716 430 1759 e
470 1690 913 1779 coelopluvia,
959 1704 1024 1757 et
1068 1691 1289 1781 irriget
1337 1692 1654 1770 animam,
1703 1695 1922 1784 nequit
1960 1693 2154 1760 homo
2187 1693 2433 1761 fructus

396 1796 618 1887 dignos
649 1798 917 1862 reddere
944 1796 1242 1863 Domino.
1502 1813 1509 1819 ·

481 1899 632 1970 XX.
684 1890 1011 1991 Scriptum
1042 1902 1254 1991 itaque
1285 1917 1383 1970 est
1410 1928 1425 1967 :
1470 1930 1496 1964 ι
1519 1903 1812 1994 Agricola
1847 1926 1997 1971 cum
2028 1902 2260 1971 viderit
2292 1903 2437 1993 pal·-

395 1994 687 2089 »initem,
720 2007 1032 2074 serentem
1067 2008 1375 2086 fructum,
1409 2022 1640 2100 purgat
1676 2034 1866 2087 eum;
1905 2020 1974 2080 ut
2015 2009 2440 2099 copiosiorem

396 2113 719 2180 »fructum
768 2113 1034 2181 afferat:
1094 2127 1159 2180 at
1200 2138 1337 2182 non
1380 2118 1692 2191 serentem
1737 2116 2019 2184 fructum
2069 2115 2313 2190 evellit,
2369 2122 2441 2180 et

398 2222 954 2287 »comburendum
986 2218 1235 2285 trudit¹.
1270 2248 1294 2279 ι
1324 2220 1780 2286 Verumtamen
1824 2221 1948 2288 hoc
1979 2219 2308 2285 hominem
2356 2218 2440 2284 de

394 2335 496 2390 eet
517 2373 536 2399 ,
565 2335 673 2396 ut,
710 2321 838 2386 sive
868 2323 1114 2407 jejunet
1132 2372 1150 2398 ,
1177 2322 1307 2386 sive
1336 2324 1586 2411 vigilet,
1615 2324 1744 2389 sive
1767 2336 2068 2412 precetur
2087 2371 2102 2396 .
2130 2322 2259 2405 sive
2281 2321 2442 2387 boni

396 2427 556 2519 quid
607 2425 830 2500 saciat,
890 2417 1122 2490 cuncta
1167 2423 1443 2489 Domino
1493 2426 1800 2499 ascribat,
1846 2427 1945 2490 his
1977 2425 2187 2491 verbis
2245 2445 2436 2488 usus:

415 2532 775 2602 «NisiDens
793 2530 1269 2596 corroborasset
1286 2550 1425 2604 me,
1454 2550 1584 2593 non
1610 2528 1952 2618 potuissem
1970 2527 2297 2616 jejunare,
2334 2538 2448 2595 aut

398 2636 682 2736 precari,
733 2646 842 2701 aut
883 2657 964 2701 ex
1006 2633 1129 2699 hoc
1166 2635 1408 2699 mundo
1454 2632 1690 2722 egredi.
1723 2660 1749 2694 ι
1783 2632 2016 2720 Sicque
2056 2632 2228 2699 Deus
2273 2628 2445 2698 bona

404 2741 594 2814 animi
625 2741 718 2806 tui
750 2740 1097 2808 intentione
1127 2751 1510 2827 conspectu,
1540 2737 1842 2803 nimirum
1875 2749 1938 2803 te
1967 2759 2072 2813 ea,
2102 2757 2242 2826 quae
2264 2746 2448 2804 natu-

401 2847 517 2915 rali
558 2845 859 2914 instinctu
906 2845 1189 2936 peragis,
1230 2845 1365 2910 Deo
1398 2843 1753 2918 ascribere,
1794 2842 1926 2932 ipse
1960 2842 2238 2908 vicissim
2289 2864 2443 2918 sua,

402 2952 745 3044 spiritualia
803 2975 1034 3042 nempe
1057 3001 1076 3027 ,
1129 2948 1351 3017 'divina
1402 2963 1469 3016 et
1521 2950 1794 3017 coelcstia
1814 2999 1834 3026 ,
1898 2948 2013 3016 tibi
2066 2948 2202 3017 haec
2250 2947 2449 3038 largi-

402 3072 510 3127 tur
529 3058 626 3149 (4)
661 3081 677 3123 t
707 3081 848 3147 quae
875 3080 1024 3123 vero
1055 3070 1203 3124 sunt
1234 3041 1384 3124 ina'?
1412 3055 1661 3123 fructus
1694 3054 1963 3158 Spiritus
1982 3103 2003 3130 ‚
2044 3052 2350 3126 exultat&
2380 3062 2450 3123 et

403 3163 636 3233 laetitia.

1146 3337 1698 3433 ιιιηιιιιοαᾼτιό.

489 3581 675 3649 XXI.
735 3577 798 3644 V
797 3598 992 3645 erum
1030 3594 1184 3639 cum
1231 3575 1486 3662 fructus
1538 3570 1875 3636 naturales
1909 3569 2048 3634 εἰηι
2093 3568 2335 3640 horum
2365 3575 2457 3640 εἰ·
2539 3563 2556 3578 ’

405 3662 635 3763 'milen
669 3683 833 3770 fides
865 3682 1205 3748 nimirum
1243 3669 1667 3764 elprae-atie,
1713 3672 1991 3745 edissere
2029 3673 2256 3755 nobis,
2293 3700 2459 3762 quo-

413 3784 610 3852 modo
628 3808 696 3850 se
728 3784 1011 3851 habeant
1039 3785 1422 3867 naturalia,
1454 3797 1516 3850 et
1551 3778 1879 3877 quomodo
1906 3777 2357 3868 spiritualia!
2452 3869 2455 3872 Ἴ

487 3959 504 3985 ¹
539 3944 687 3997 loen.
710 3957 791 3999 xv,
817 3958 863 3993 s.
