2982 4885
347 4254 360 4261 ⁸⁴
527 4257 540 4268 ἀ

338 4363 426 4560 Η
443 4477 458 4490 e

467 4601 470 4610 ι

475 4649 480 4656 η

684 462 814 539 384
1352 478 1399 521 s.
1453 478 1717 522 uacum
1763 479 2036 524 aetra-¹1

591 623 598 627 ·
679 624 716 665 e
750 598 897 665 solis
949 595 1049 662 his
1100 616 1241 682 quae
1284 593 1615 682 praesentia
1661 607 1810 659 sunt
1857 597 1935 660 de
1968 592 2203 659 sanctis
2238 593 2558 681 judicans,
2591 619 2720 664 non

680 701 1039 777 dubitabis,
1075 723 1184 765 eos
1218 700 1518 783 omnium,
1545 702 1733 788 longe
1778 699 2113 765 hominum
2160 699 2545 766 celsissimos
2584 726 2722 791 pro-

678 809 989 874 nuntiare.
1027 806 1161 894 Age
1193 827 1291 871 res
1321 803 1710 892 diiudicetur
1733 804 1856 869 hoc
1889 803 2100 869 modo.
2128 804 2714 873 Nabuchodonosor

676 911 1020 1001 Babylonis
1057 910 1422 997 imperator,
1462 910 1859 997 congregatis
1882 959 1899 984 ,
1930 908 2160 996 quibus
2195 922 2487 997 praeerat,
2518 912 2717 998 genti-

676 1019 796 1084 bus
849 1020 928 1083 ad
967 1015 1401 1083 adorationem
1432 1025 1688 1086 statuae,
1727 1036 1919 1102 quam
1957 1025 2285 1087 erexerat,
2321 1013 2436 1078 Dei
2469 1014 2588 1081 hoc
2622 1016 2712 1081 ita

678 1120 1137 1211 sapientissime
1168 1121 1541 1184 moderante
1572 1118 1991 1207 providentia,
2020 1129 2093 1182 ut
2120 1130 2183 1181 et
2207 1141 2551 1206 puerorum
2579 1138 2713 1184 om-

677 1228 866 1321 nibus
897 1223 1238 1313 conspicua
1286 1224 1485 1289 virtus
1531 1223 1744 1297 fieret,
1777 1237 1843 1288 et
1874 1223 2093 1287 cuncti
2125 1222 2437 1287 discerent
2509 1248 2712 1295 unum

674 1353 810 1396 esse
839 1330 1046 1396 Deum
1073 1351 1338 1403 verum,
1372 1328 1478 1417 qui
1512 1328 1577 1393 in
1615 1329 1791 1393 coelis
1822 1328 2087 1394 habitat.
2116 1328 2261 1393 Tres
2285 1327 2496 1414 pueri,
2534 1318 2716 1417 iiqfie

676 1436 952 1525 captivi,
981 1458 1054 1501 ac
1104 1436 1398 1501 libertate
1437 1435 1702 1524 privati,
1750 1435 1882 1499 ausi
1928 1447 2076 1499 sunt
2116 1433 2231 1520 ipsi
2260 1433 2601 1510 obsistere3
2645 1450 2719 1503 et

675 1542 947 1616 cunctis,
980 1563 1058 1605 ex
1087 1543 1289 1619 multo
1313 1554 1488 1606 metu
1523 1540 1956 1614 adorantibus,
1980 1535 2457 1624 necquidquam
2481 1552 2723 1627 praeter·

674 1646 1051 1734 obsequium
1084 1645 1514 1720 tentantibus3
1551 1659 1869 1711 mutarum
1902 1643 2027 1708 ritu
2061 1642 2405 1731 pecudum,
2440 1667 2566 1730 quo
2593 1658 2709 1710 tra-

672 1752 1013 1825 hebantur,
1051 1752 1459 1837 sequentibus
1481 1776 1500 1824 ;
1545 1750 1634 1815 illi
1668 1762 1915 1815 tantum
1951 1748 2323 1824 abfuerunt,
2371 1761 2441 1812 ut
2485 1748 2705 1815 similia

672 1855 804 1919 aliis
851 1866 1252 1940 paterentur;
1299 1867 1373 1919 ut
1431 1876 1638 1939 neque
1686 1853 1960 1940 ignorari
2013 1852 2139 1915 sint
2191 1852 2360 1941 passi
2406 1877 2577 1918 suam
2624 1858 2702 1921 de

666 1959 966 2046 religione
997 1960 1373 2024 sententiam
1399 1983 1414 2022 ε
1446 1981 1567 2023 nec
1603 1960 1797 2024 latere
1823 1958 2267 2034 sustinuerint,
2315 1962 2432 2026 sed
2458 1963 2699 2028 cunctis

664 2063 1062 2132 audientibus
1098 2063 1402 2128 dixerint:
1426 2064 1637 2128 «Deos
1669 2076 1810 2129 tuos
1838 2086 1968 2128 non
2022 2063 2291 2129 colimus
2322 2078 2387 2129 et
2430 2072 2697 2132 statuam

661 2192 988 2244 »auream,
1024 2191 1215 2257 quam
1249 2169 1540 2248 erexisti,
1582 2194 1711 2235 non
1760 2170 2158 2236 adoramus&
2176 2200 2201 2232 ι
2246 2172 2425 2251 Quos
2456 2195 2601 2238 cum
2630 2173 2696 2237 in

661 2299 915 2366 poenam
956 2275 1258 2341 terribilis
1321 2274 1424 2342 illa
1488 2278 1713 2343 fornax
1762 2279 2148 2366 excepisset,
2205 2301 2332 2342 non
2374 2302 2525 2344 sane
2568 2278 2696 2343 vim

661 2405 842 2450 suam
877 2380 1146 2456 exeruit,
1184 2403 1258 2447 ac
1282 2381 1460 2470 quasi
1500 2394 1564 2448 et
1587 2382 1720 2472 ipsa
1749 2395 2041 2449 venerata
2066 2383 2230 2472 ipsos
2258 2395 2445 2460 esset,
2466 2382 2695 2450 amalis

659 2514 768 2556 eos
809 2489 1123 2554 immunes
1173 2488 1588 2555 conservavit.
1642 2488 1959 2555 Universis
2012 2512 2082 2554 ac
2120 2511 2262 2572 rege
2303 2486 2439 2571 ipso
2479 2489 2702 2553 Deum

654 2595 786 2682 jam
818 2616 1040 2659 verum
1065 2595 1572 2682 agnoscentibus.
1612 2594 1742 2658 Hos
1773 2596 2069 2682 equidem
2101 2613 2225 2657 non
2253 2588 2445 2676 magis
2485 2601 2695 2656 terras

655 2698 1096 2773 incolentium,
1124 2721 1315 2785 quam
1350 2699 1413 2761 in
1453 2697 1627 2763 coelis
1662 2697 2025 2786 degentium
2059 2694 2239 2763 chori
2267 2696 2490 2782 plausu
2519 2695 2699 2761 cele—

655 2802 942 2868 brarunt.
975 2801 1134 2868 Nam
1174 2800 1433 2865 heroica
1476 2801 1757 2866 facinora
1795 2815 2168 2866 sanctorum
2202 2793 2692 2887 haudquaquam

650 2928 786 2971 esse
823 2908 1031 2993 ignota
1080 2903 1226 2968 coeli
1277 2903 1541 2979 incolis;
1577 2907 1692 2971 sed
1742 2905 1859 2970 hos
1903 2904 2022 2969 illis
2078 2925 2357 2967 accursu
2396 2914 2464 2969 et
2499 2914 2678 2969 testes

651 3013 889 3082 adesse,
928 3008 1173 3072 divinus
1205 3007 1411 3074 innuit
1428 3009 1791 3098 Apostolus,
1831 3008 1980 3070 dum
2009 3004 2094 3066 ait
2126 3026 2141 3066 :
2182 3030 2206 3061 α
2234 3004 2681 3090 Spectaculum

643 3140 669 3174 n
689 3112 835 3176 sacti
868 3132 1087 3174 sumus
1117 3110 1373 3198 Angelis
1403 3126 1468 3178 et
1493 3109 1860 3175 hominibus
1879 3106 1924 3170 ².
1945 3134 1969 3166 n
1995 3107 2183 3171 Potes
2202 3119 2266 3171 et
2295 3107 2438 3175 haec
2469 3112 2531 3176 in
2551 3109 2680 3177 Elia

642 3217 857 3284 videre
915 3216 1026 3304 qui
1064 3236 1227 3278 unus
1265 3216 1460 3280 homo
1489 3236 1638 3278 cum
1662 3225 1826 3277 esset
1857 3225 2083 3277 contra
2121 3215 2429 3301 plurimos
2452 3211 2679 3305 praeva-

640 3324 782 3398 luit,
815 3328 936 3411 per‘
962 3319 1435 3386 devocationem
1474 3318 1633 3407 ignis
1667 3342 1704 3383 e
1752 3322 1937 3385 coelo.
1985 3318 2114 3384 Sed
2155 3333 2220 3384 et
2258 3321 2498 3409 Moyses
2531 3323 2678 3388 uni-

642 3448 886 3492 versam
944 3426 1286 3512 AEgyptum
1345 3437 1410 3492 et
1477 3424 1875 3490 Pharaonem
1937 3436 2287 3512 tyrannum
2333 3426 2665 3514 superavit.

638 3530 816 3597 Idem
843 3529 906 3594 in
939 3529 1013 3594 iis
1042 3551 1182 3617 quae
1214 3531 1293 3595 de
1327 3531 1521 3608 Loth,
1552 3530 1615 3595 in
1644 3529 1717 3596 iis
1744 3554 1885 3618 quae
1908 3533 1987 3596 de
2012 3527 2169 3606 Noe,
2200 3556 2331 3620 quoe
2356 3533 2432 3594 de
2452 3513 2675 3598 multis

639 3633 773 3699 aliis
805 3647 1167 3710 narrantur,
1197 3658 1459 3702 cernere
1483 3649 1603 3713 est,
1631 3637 1737 3724 qui
1767 3659 1915 3702 cum
1942 3649 2313 3727 apparerent
2335 3649 2674 3726 contemp-

640 3739 879 3817 tibiles,
919 3741 1135 3808 multis
1175 3741 1525 3810 illustribus
1581 3754 1647 3809 et
1707 3742 2074 3832 potentibus
2124 3743 2476 3835 superiores
2522 3766 2671 3814 eva-

636 3858 871 3917 serunt.

696 3994 721 4052 p
753 3983 887 4067 Dap.
908 3998 988 4047 m,
1019 3983 1096 4039 ιδ.
1117 4009 1183 4024 -
1203 3995 1228 4046 ‚⁸
1253 3998 1277 4041 ι
1300 3982 1420 4040 Cor.
1441 3998 1515 4048 tv,
1534 3998 1587 4054 9·
