2982 4885
945 514 1024 556 nn
1071 511 1430 556 urrunnu
1474 510 1725 563 numu,
2228 497 2356 586 417

312 643 378 693 et
406 649 625 693 rerum
646 628 837 692 modo
876 627 1323 714 apparentium
1354 638 1786 715 expectatam
1824 627 1986 709 aliu
2019 627 2164 693 :rc'e
2190 653 2230 695 n
2259 647 2394 698 ma·

289 734 575 803 ,tionem
632 733 803 812 Quid
853 732 1063 819 orgo?
1121 752 1279 796 num
1331 732 1630 819 opinione
1678 729 1794 796 tibi
1848 733 1993 797 data
2043 734 2362 824 eligendi.

323 849 535 903 utrum
567 839 783 902 malles
813 858 892 900 ex
923 836 1054 901 istis
1085 836 1334 900 duobus
1384 835 1593 924 regnis
1614 884 1633 910 ‚
1672 848 2054 923 praeoptares
2083 838 2207 905 boc
2240 852 2369 905 ter-

322 963 547 1005 renum
582 939 646 1005 in
678 940 902 1005 mundi
939 938 1066 1004 fine
1099 941 1452 1005 desiturum
1482 964 1502 1014 ς
1540 938 1891 1028 praeserens
1918 940 1981 1004 i'd
2013 941 2100 1007 illi
2133 944 2374 1011 coelesti

323 1046 510 1110 alteri
536 1094 553 1119 ,
591 1066 744 1110 vero
766 1093 785 1120 ‚
820 1043 1021 1110 solido
1054 1056 1121 1109 et
1151 1044 1548 1132 permanenti
1590 1040 1836 1130 regno?
1866 1043 2049 1109 Haud
2080 1045 2376 1133 equidem

325 1148 703 1215 crediderim
723 1197 742 1223 ,
778 1149 829 1213 si
853 1147 1076 1235 utique
1098 1149 1337 1236 sapias,
1373 1159 1653 1234 et'aequo
1688 1156 1989 1235 rectoque
2017 1147 2260 1236 judicio
2291 1154 2372 1218 de

325 1270 393 1318 re
423 1266 533 1319 tua
565 1267 735 1320 tanta
759 1265 1013 1319 statuas·
1064 1281 1090 1313 ι
1114 1252 1288 1332 Quid
1315 1253 1515 1326 enim,
1545 1250 1630 1315 ait
1663 1249 1935 1328 Veritas,
1965 1257 2222 1341 prodest
2253 1259 2375 1324 ho-

326 1390 352 1422 »
371 1361 563 1434 mini,
597 1360 648 1424 si
671 1358 983 1423 mundum
1008 1359 1371 1422 universum
1404 1358 1723 1429 lucretur,
1753 1356 1976 1421 animae
2002 1371 2212 1426 autem
2246 1386 2375 1432 ωε

241 1441 250 1447 .
328 1493 352 1524 ι
372 1465 823 1530 detrimentum
853 1462 1129 1549 patiatur
1149 1461 1168 1495 ¹
1202 1460 1275 1523 P»
1303 1461 1424 1525 Pro
1456 1482 1578 1547 qua
1605 1458 1766 1523 nihil
1798 1481 1911 1547 par
1928 1459 1990 1523 in
2016 1480 2373 1534 commuta-

330 1569 566 1633 tionem
619 1565 754 1630 dari
798 1587 983 1652 posse
1021 1565 1398 1638 didicimus,
1443 1563 1992 1651 quandoquidem
2041 1579 2104 1631 et
2130 1575 2384 1641 mundo

330 1674 466 1760 ipso
506 1683 635 1736 toto
661 1719 680 1745 ,
727 1682 790 1736 et
833 1669 1284 1757 qualicumque
1324 1672 1653 1735 mundano
1688 1690 1936 1757 regne,
1983 1673 2110 1737 sola
2159 1694 2275 1764 per
2314 1703 2382 1746 se

265 1828 274 1836 .
331 1778 529 1864 ipsam
587 1776 792 1839 anima
831 1774 1169 1862 pretiosior
1205 1777 1407 1839 multo
1440 1786 1575 1848 θεὶς
1623 1776 1865 1840 nodum
1911 1788 1982 1842 ut
2027 1785 2381 1870 comparari

329 1903 476 1945 cum
508 1878 582 1942 iis
615 1879 809 1965 possit
831 1880 1139 1942 coelorum
1171 1900 1458 1965 reguum.
1498 1879 1655 1944 Inde
1684 1888 1905 1943 autem
1936 1882 2379 1968 pretiosiorem

329 1983 576 2049 cunctis
616 1983 888 2048 dicimus
919 1983 1231 2058 animam,
1275 1986 1446 2070 quod
1483 1985 1684 2048 solam
1730 1982 1835 2048 illa
1852 1984 2092 2051 minter
2137 2012 2358 2059 omnes

331 2088 656 2153 inferiores
683 2099 1002 2152 creaturas
1026 2086 1281 2173 dignam
1301 2087 1472 2152 Deus
1505 2087 1835 2173 judicavit,
1870 2089 1978 2153 cui
2007 2115 2194 2158 suum
2227 2120 2343 2184 pro

335 2193 484 2282 priae
538 2203 779 2255 naturae
824 2187 1130 2276 Spiritum
1175 2191 1398 2254 intime
1443 2191 1694 2253 unitum
1736 2193 1988 2275 penitus
2030 2195 2275 2263 inderet
2310 2215 2379 2266 et

338 2294 881 2364 communicaret3
917 2293 1090 2375 quod
1122 2312 1247 2353 non
1279 2294 1463 2365 coelo,
1504 2314 1631 2354 non
1666 2292 1808 2364 soli,
1842 2315 1970 2356 non
2005 2299 2210 2372 astris,
2248 2326 2375 2369 non

338 2401 529 2475 mari,
587 2420 711 2462 non
759 2409 941 2462 terrae
989 2394 1347 2469 concessit3
1390 2416 1520 2458 non
1575 2394 1675 2459 alii
1722 2395 1993 2483 denique
2037 2401 2377 2474 visibilium

339 2519 643 2572 creaturae
670 2501 784 2570 ulli
800 2511 1222 2590 praeterquam
1249 2499 1360 2563 uni
1394 2498 1676 2573 homini3
1703 2521 1894 2586 quem
1920 2502 2055 2568 vice
2086 2510 2375 2577 omnium

341 2637 373 2677 a
409 2635 474 2676 se
508 2607 911 2675 conditorum
947 2605 1010 2669 in
1041 2615 1286 2692 partem
1319 2604 1497 2691 quasi
1525 2606 1853 2693 propriam
1888 2606 2004 2673 sibi
2035 2636 2101 2678 se
2125 2618 2370 2702 posuit,

342 2717 588 2802 sibique
619 2711 964 2800 applicuit,
1001 2732 1077 2773 eo
1105 2721 1464 2775 contentus,
1499 2709 1565 2774 Si
1592 2732 1744 2799 ergo
1778 2711 1914 2777 haec
1945 2737 2085 2801 qum
2117 2723 2374 2791 maximi

345 2820 505 2884 liunt
535 2819 596 2884 in
630 2818 899 2890 mundo,
935 2814 1187 2893 divitiae,
1223 2814 1391 2890 dico,
1432 2816 1693 2904 amplae,
1728 2827 1793 2880 et
1824 2829 2005 2885 terrae
2036 2825 2233 2893 totius
2262 2828 2376 2900 im-

341 2927 588 3015 perium
619 2924 681 2989 in
715 2922 1078 2988 monarchae
1117 2921 1304 2987 unius
1336 2924 1527 3010 pleno
1559 2918 1831 2989 arbitrio‘
1856 2929 2129 3024 positum
2168 2917 2389 3004 haud-¹

342 3051 655 3119 quaquam
682 3077 699 3103 ‚
735 3047 909 3093 recte
936 3027 1294 3114 judicantes
1321 3076 1338 3102 ,
1388 3049 1537 3093 cum
1569 3039 1805 3094 aeterno
1837 3029 2382 3110 commutaremus

344 3161 534 3225 regno
563 3161 581 3211 ς
607 3153 756 3222 (ιω
772 3133 1087 3200 dementia
1112 3135 1532 3222 plurimorum
1563 3149 1682 3212 est,
1710 3160 1869 3225 quos
1899 3143 2181 3229 quotidie
2207 3149 2373 3216 vide·

342 3267 480 3308 mus
503 3242 729 3308 vilibus
761 3241 917 3307 illud
937 3252 1002 3305 et
1033 3239 1370 3306 mediocris
1385 3291 1402 3324 ,
1425 3241 1618 3308 etiam
1641 3244 1883 3331 vulgari
1917 3248 2332 3317 aestimatione
2348 3304 2370 3330 ‚

340 3349 522 3438 pretii
548 3349 736 3414 rebus
768 3345 1190 3433 posthabere,
1226 3359 1400 3430 puta,
1437 3346 1767 3433 cupiditati
1799 3345 2101 3434 cuipiam,
2136 3354 2375 3443 exiguae

341 3456 546 3529 laudi,
601 3456 781 3518 lucro
815 3470 947 3513 non
982 3467 1212 3533 magno
1246 3494 1263 3519 ‚
1305 3457 1369 3510 et
1408 3449 1717 3516 similibus
1745 3451 1776 3516 i>
1810 3450 2157 3522 Enimvero
2203 3467 2375 3547 quod

339 3558 479 3643 quis
509 3558 574 3622 in
605 3556 730 3620 hoc
761 3552 1004 3617 mundo
1041 3548 1279 3634 diligit,
1324 3547 1556 3633 cuique
1598 3551 1929 3638 defigitur,
1973 3557 2038 3623 id
2069 3563 2327 3630 omuino
2347 3617 2368 3647 ‚

343 3672 652 3747 quantum
701 3657 764 3719 in
805 3655 948 3742 ipso
989 3665 1115 3727 est,
1171 3673 1319 3716 cum
1363 3654 1671 3718 coelorum
1725 3675 1920 3745 regno
1974 3677 2370 3753 commutem

344 3762 498 3851 quin
521 3809 540 3836 ,
578 3762 752 3846 quod
788 3760 972 3847 longe
1008 3769 1074 3823 et
1105 3757 1432 3847 capitalius
1455 3808 1476 3835 ,
1514 3771 1580 3827 et
1616 3759 1680 3826 id
1721 3762 1929 3832 Deum
1968 3790 2153 3838 mum
2191 3774 2364 3848 facit.

340 3867 525 3935 Sicut
558 3864 791 3931 alicubi
831 3864 1136 3956 scriptum
1180 3875 1318 3931 est:
1371 3890 1397 3927 ι
1438 3863 1494 3932 Α
1538 3889 1667 3956 quo
1705 3868 1846 3957 quis
1884 3871 2087 3944 victus
2132 3893 2259 3966 ent,
2311 3885 2374 3953 ei

408 4022 427 4050 ⁸
456 4005 640 4060 unuh.
665 4021 766 4064 ιη,
791 4006 869 4057 26.

561 4108 756 4159 11·le
765 4135 781 4155 ι
952 4150 960 4156 .
2070 4116 2150 4192 27
