2982 4885
567 551 697 654 196
1234 562 1283 611 s.
1339 559 1602 613 nicam
1647 546 1917 610 acum

559 678 973 768 susceperunt
988 719 1006 747 ,
1032 679 1222 758 atque
1246 651 1600 757 agnoscunt
1630 657 2352 728 imbecillitatem‘suam.
2392 641 2466 719 ln
2488 667 2595 720 rus

559 786 610 851 si
643 780 785 872 quis
816 780 1026 865 itaque
1059 769 1277 849 abeat,
1311 791 1514 862 pauca
1545 766 1751 834 sciens
1776 765 1855 830 de
1878 762 2102 829 litteris
2123 813 2139 839 ,
2166 758 2279 827 ubi
2304 771 2452 826 suut
2470 759 2597 850 plo-

535 886 716 961 ·beii3
752 882 1112 950 celebratur
1141 890 1353 942 tamen
1396 874 1477 941 ab
1513 871 1633 938 illis
1664 868 2080 936 scholasticus
2113 867 2252 941 ille;
2286 863 2598 952 siquidem

557 989 775 1056 rustici
814 978 963 1052 sunt
992 985 1215 1073 plane,
1265 1001 1384 1045 uec
1417 977 1787 1066 'dijudicare
1832 975 2060 1041 sciunt.
2121 972 2263 1062 Ipse
2304 990 2455 1034 vero
2488 964 2600 1054 qui

556 1118 793 1186 paucas
824 1090 1044 1158 didicit
1074 1087 1344 1162 litteras,
1383 1085 1436 1150 si
1460 1081 1905 1174 proficiscatur
1930 1080 1994 1146 in
2029 1079 2253 1145 urbem
2272 1126 2291 1152 ,
2318 1073 2430 1140 ubi
2451 1082 2601 1147 sunt

561 1213 846 1268 oratores
877 1209 944 1264 et
988 1190 1386 1267 scholastici,
1420 1212 1551 1257 non
1591 1190 1784 1256 audet
1823 1188 1888 1252 in
1922 1192 2338 1275 conspectum
2378 1198 2603 1247 eorum

561 1306 852 1398 prodire,
895 1324 1013 1367 uec
1064 1297 1392 1390 proloqui;
1434 1295 1750 1386 siquidem
1777 1295 1952 1361 velut
1980 1289 2254 1358 rusticus
2280 1285 2605 1376 judicatur

564 1437 598 1480 a
629 1408 1048 1480 scholasticis.
1728 1400 1737 1411 “
2328 1392 2335 1397 ’

720 1637 738 1691 Ξ
1299 1624 1658 1680 lumnam}
1666 1623 1851 1676 A'rlo.

653 1827 887 1895 XVIII.
940 1823 1025 1886 Se·
1049 1822 1246 1886 homo
1269 1820 1428 1884 bollo
1460 1839 1831 1905 oppressus,
1862 1829 1924 1878 οε
1947 1815 2206 1902 duplici
2222 1835 2508 1902 persona
2530 1815 2612 1879 in

557 1934 788 1995 anima
814 1924 1168 2013 praeditus,
1209 1922 1464 2007 peceati
1503 1914 1812 1985 ὐἰάοίίοοε
1842 1932 1904 1982 et
1925 1916 2199 2005 gratim,
2240 1917 2612 2011 transfera-

560 2053 671 2098 tur
715 2055 803 2096 ιω
845 2032 962 2095 Ιιοο
997 2026 1285 2110 mundo,
1323 2046 1449 2112 quo
1476 2025 1732 2114 pergit,
1779 2045 1823 2086 a
1865 2019 2125 2088 duabus
2150 2018 2460 2109 partibus
2503 2019 2612 2083 do·

556 2135 820 2201 teneus?
2342 2117 2349 2124 ⁴

1388 2318 1652 2374 nsssrou
1656 2318 1788 2371 810.

649 2529 810 2595 Illuc
829 2575 848 2602 ,
883 2524 996 2590 ubi
1027 2521 1448 2590 intentionem
1482 2542 1666 2586 suam
1706 2517 1899 2584 hahet
1921 2517 2205 2595 animus,
2235 2528 2301 2582 et
2321 2515 2432 2583 ubi
2463 2514 2607 2583 dili-

562 2635 689 2721 git,
723 2632 874 2696 illuc
908 2629 1175 2713 inquam
1213 2624 1434 2704 tendit.
1485 2622 1943 2698 solummodo,
1976 2624 2027 2688 si
2056 2623 2309 2712 ingruat
2348 2622 2603 2690 afflictio

567 2748 680 2804 ant
723 2735 997 2806 bellum,
1060 2728 1500 2795 contradicere
1541 2726 1735 2792 debes
1758 2776 1776 2801 ,
1827 2750 1901 2792 ac
1950 2728 2098 2793 odio
2145 2728 2462 2818 prosequi.
2526 2728 2607 2794 Ut

566 2841 738 2906 enim
772 2839 1024 2924 ingruat
1053 2833 1296 2898 bellum
1315 2879 1333 2907 ,
1366 2842 1550 2896 tuum
1581 2854 1710 2899 non
1741 2845 1872 2909 θεὶς
1907 2834 2116 2901 odisse
2141 2848 2387 2912 tamen,
2425 2847 2606 2899 tuum

567 2957 681 3009 cst.
715 2944 808 3008 Ac
835 2952 974 3018 tum
998 2935 1331 3012 Dominus,
1359 2948 1703 3025 conspecto
1735 2937 1944 3003 auimo
1967 2951 2104 3014 tuo,
2139 2942 2314 3028 quod
2335 2937 2601 3003 dimices

573 3071 645 3112 ac
671 3045 893 3133 diligas
923 3064 1073 3116 eum
1109 3053 1190 3107 ex
1225 3053 1356 3107 tota
1388 3041 1631 3118 anima,
1673 3057 1959 3134 segregat
1986 3058 2262 3110 mortem
2286 3044 2363 3110 ab
2396 3038 2603 3107 anima

570 3166 679 3218 tua
704 3150 862 3214 hora
896 3168 1053 3212 una:
1093 3146 1262 3232 (nou
1293 3145 1464 3211 enim
1498 3160 1594 3212 est
1628 3149 1686 3212 oi
1721 3149 1844 3214 hoc
1870 3148 2206 3238 difficile,)
2244 3163 2308 3215 et
2344 3144 2606 3213 assumit

575 3270 638 3322 to
677 3255 740 3320 in
778 3254 988 3320 sinum
1034 3274 1220 3318 suum
1268 3274 1340 3317 ac
1380 3238 1612 3317 sucem.
1663 3253 1865 3342 Eripit
1909 3267 1975 3322 te
2019 3268 2346 3322 momento
2377 3254 2607 3320 horaee

551 3362 866 3460 ‘saucibus
900 3359 1340 3434 tenebrarum,
1368 3380 1442 3424 ac
1469 3358 1798 3424 confestim
1831 3361 2122 3428 transfert
2150 3375 2210 3429 te
2242 3363 2307 3427 in
2339 3381 2606 3449 reguum

577 3463 969 3555 suumg-Deo
1007 3461 1179 3528 enim
1231 3460 1405 3528 horae
1454 3477 1782 3531 momento
1831 3468 2040 3534 omnia
2082 3477 2378 3556 peragere
2421 3464 2608 3528 facile

577 3581 712 3645 est,
746 3566 939 3634 modo
982 3589 1197 3633 amore
1226 3567 1286 3634 ei
1323 3569 1437 3634 soli
1477 3561 1805 3635 devinctus
1838 3572 1937 3637 sis.
1981 3563 2144 3639 'Nam
2169 3574 2334 3640 Deus
2367 3565 2609 3655 indiget

579 3696 772 3765 opera
790 3672 1097 3746 humana,
1125 3672 1270 3757 quia
1310 3674 1479 3738 socia
1504 3673 1859 3740 Divinitatis
1888 3689 1983 3742 est
2015 3678 2240 3743 anima.

587 3872 593 3875 Δ
669 3777 851 3844 ΧΙΧ.
903 3776 982 3841 Et
1017 3789 1090 3842 ut
1107 3799 1276 3865 saepe
1304 3778 1577 3842 diximus
1610 3781 1974 3867 parabolam
2008 3783 2261 3857 coloni,'
2289 3779 2399 3868 qui
2428 3778 2612 3843 labo-

578 3898 715 3959 rat,
759 3905 833 3949 ac
875 3905 1092 3950 semen
1136 3885 1736 3964 terraecommittiu
1780 3888 1970 3954 debet
2006 3890 2280 3979 desuper
2320 3884 2608 3973 accipere

582 3991 893 4084 pluviam;
928 3991 1047 4061 nisi
1079 3991 1251 4064 enim
1282 3990 1486 4061 nubes
1520 3993 1927 4073 emerserint,
1972 4017 2045 4064 ac
2074 3996 2246 4062 venti
2278 3991 2604 4064 flaverint,
