2982 4885
896 530 1077 577 msa
1120 530 1202 576 nn
1247 528 1612 576 antestans.
2146 515 2287 582 605·

250 656 424 712 erant
454 645 570 721 eis,
600 657 667 711 et
698 644 943 711 duabus
966 644 1225 731 quidem
1260 643 1512 720 faciem,
1538 655 1606 710 et
1637 645 1884 711 duabus
1917 648 2110 736 pedes
2139 668 2285 718 coo-'-

247 749 593 837 periebant,
643 750 893 816 duabus
938 761 1152 814 autem
1189 748 1575 824 clamabant,
1633 770 1714 813 ne
1750 749 1915 816 sorte
1952 752 2178 820 faciem
2222 768 2287 823 et

246 857 431 941 pedes
471 877 620 921 cum
655 856 812 920 dicit
861 853 1117 921 Domini
1160 866 1520 941 coopertos,
1571 854 1742 941 quod
1797 878 2047 922 sursum
2095 873 2285 948 atque

247 960 538 1024 deorsum
556 973 676 1035 est,
702 971 766 1024 et
790 959 1120 1047 longitudo
1148 970 1214 1024 et
1243 958 1513 1023 latitudo
1533 961 1615 1024 de
1637 960 1774 1025 Deo
1789 976 2277 1045 monstraretur,

242 1066 414 1152 quod
439 1087 559 1129 nec
585 1064 877 1138 altitudo,
902 1086 1021 1129 nec
1035 1063 1451 1151 profundum,
1469 1084 1592 1128 nec
1605 1063 1901 1140 latitudo,
1929 1090 2049 1133 nec
2072 1070 2279 1159 longi-·

242 1172 397 1236 tudo
423 1170 540 1236 Dei
572 1181 783 1259 potest
813 1169 1111 1258 cognosci
1151 1179 1260 1232 aut
1296 1166 1565 1231 inveniri
1606 1170 1919 1258 condigne
1957 1173 2035 1239 ab
2073 1175 2279 1264 aliqua

244 1287 566 1350 creatura,
601 1287 667 1340 et
689 1274 962 1338 maxime
993 1270 1355 1345 hominum,
1392 1282 1500 1336 aut
1533 1271 1828 1338 humanis
1859 1282 2280 1362 quorumdam

243 1379 526 1457 sensibus
570 1374 1029 1464 comprehendi
1065 1396 1084 1439 ε
1126 1374 1236 1461 qui
1286 1373 1479 1440 ctiam
1523 1388 1765 1443 tantam
1818 1379 2281 1451 elementorum

242 1494 531 1547 naturam
578 1480 1082 1566 immensamque
1128 1482 1407 1545 creando
1460 1482 1753 1570 perfecit,
1802 1496 2040 1569 quanto
2083 1490 2280 1575 magis

241 1583 344 1670 qui
392 1584 538 1649 talia
585 1583 807 1649 secisse
853 1583 1263 1672 cognoscitur
1319 1585 1527 1650 modis
1572 1586 1870 1652 omnibus
1917 1591 2298 1656 antecellit?-

239 1686 459 1754 Solum
495 1700 707 1755 autem
730 1712 846 1778 per
872 1687 1066 1753 fidem
1089 1688 1406 1755 noscitur:
1431 1717 1459 1749 ι
1481 1689 1649 1769 Quia
1679 1690 1902 1768 virtus,
1944 1693 2150 1781 inquit
2170 1745 2187 1771 ,
2211 1697 2278 1763 in

239 1818 265 1853 ι
282 1791 650 1860 infirmitate
662 1842 682 1871 ,
707 1794 770 1859 in
787 1792 1200 1861 similitudine
1214 1794 1733 1883 etaenigmatihus
1747 1794 2079 1883 perficitur
2091 1811 2279 1889 atque

238 1898 653 1965 »invenitur¹.
673 1927 700 1961 ι
729 1899 1018 1989 Cumque
1054 1910 1229 1965 tanta
1262 1898 1653 1965 immensitas
1675 1900 1794 1966 Dei
1825 1900 2058 1969 dieitur
2089 1910 2279 1993 atque

236 2003 564 2068 nuntiatur
594 2005 842 2072 duabus
865 2006 1115 2095 pennis,
1150 2006 1215 2070 id
1242 2016 1361 2080 est,
1397 2029 1432 2070 a
1473 2005 1800 2071 Cherubin
1825 2019 1890 2071 et
1920 2006 2272 2098 Seraphin,-

226 2105 363 2191 lege
411 2118 600 2193 atque
635 2108 969 2197 Prophetis
1017 2106 1268 2174 canitur
1311 2120 1503 2194 atque
1531 2111 1931 2196 praedicatur.
1985 2114 2273 2183 Duarum

229 2208 420 2271 etiam
453 2231 810 2293 pennarum
842 2211 1141 2273 clamatio
1173 2211 1276 2273 die
1300 2222 1647 2295 noctuque,
1685 2211 1751 2274 id
1780 2224 1912 2288 est,
1947 2228 2013 2277 ct
2041 2218 2174 2293 hic,
2212 2235 2278 2286 et

232 2310 298 2374 in
335 2309 586 2385 futuro,
628 2309 838 2374 cordis
875 2310 1109 2398 quippe
1143 2310 1484 2375 credulitas
1534 2310 1867 2378 hominum
1915 2328 2102 2402 atque
2150 2321 2277 2388 oris

231 2415 542 2482 confessio
574 2438 702 2482 non
739 2414 1030 2484 desinens
1062 2416 1382 2483 invenitur
1409 2416 1695 2504 quotidie
1727 2422 2111 2500 resonando,
2134 2450 2274 2514 quae

232 2535 299 2588 et
322 2535 474 2588 tunc
509 2509 857 2588 canebatur
893 2523 969 2588 ab
1003 2521 1261 2611 Angelis
1295 2533 1482 2608 atque
1514 2523 1596 2588 ab
1640 2522 2006 2592 hominibus
2043 2533 2277 2618 praedi-

231 2627 498 2692 cabatur
529 2627 593 2691 iu
633 2628 866 2692 saeculo
901 2651 915 2691 :
953 2640 1026 2694 ut
1050 2626 1226 2715 quod
1252 2627 1468 2692 videre
1499 2627 1566 2692 in
1597 2629 1876 2706 excelso,
1920 2632 2269 2719 profundo,

230 2732 362 2799 lato
396 2746 587 2819 atque
614 2735 806 2822 longo
844 2755 974 2798 non
1008 2746 1326 2824 poterant,
1354 2736 1550 2801 corde
1581 2735 1913 2802 credentes
1943 2750 2134 2826 atque
2164 2764 2276 2808 ore

232 2835 634 2913 confitentes,
666 2838 1048 2905 indesinenti
1081 2861 1237 2905 voce
1268 2852 1599 2906 cantantes
1631 2841 1807 2906 omni
1841 2854 2127 2934 tempore
2161 2849 2274 2913 lae-

233 2955 541 3026 tarentur.
597 2943 756 3011 Nam
804 2945 978 3033 quod
1025 2945 1352 3012 invisibilis
1395 2958 1461 3012 et
1512 2946 1884 3035 incapabilis
1920 2950 2003 3015 sit
2046 2951 2272 3021 divium

232 3050 550 3136 qualitatis
580 3063 804 3116 natura
828 3063 895 3115 et
922 3051 1298 3126 substantia,
1332 3050 1399 3115 in
1429 3052 1572 3139 lege
1603 3063 1668 3117 et
1692 3052 2022 3141 Prophetis
2055 3071 2272 3125 osten-

235 3153 433 3228 ditur,
485 3155 731 3220 Joanne
781 3154 1033 3221 dicente
1070 3179 1086 3220 z
1123 3155 1371 3222 «Deum
1424 3176 1618 3220 nemo
1662 3156 1818 3221 vidit
1867 3162 2263 3244 unquam2.»

233 3258 381 3326 Non
407 3257 593 3320 dixit:
617 3283 642 3315 ι
660 3259 801 3320 Non
825 3261 1118 3336 credidit,
1140 3263 1277 3336 sed,
1301 3259 1481 3325 «Non
1507 3260 1682 3325 vidit.
1704 3286 1730 3321 ι
1769 3260 1937 3346 Ergo
1962 3262 2272 3333 Dominus

235 3359 543 3427 credendi
576 3358 924 3449 potentiam
942 3402 963 3433 ,-
983 3374 1049 3423 et
1074 3362 1423 3429 confitendi
1453 3364 1661 3428 solum
1678 3360 1981 3429 fiduciam
2010 3367 2271 3447 tribuit,

235 3479 312 3531 ut
344 3465 540 3531 virtus
584 3461 724 3551 ejus
769 3461 840 3526 in
881 3464 1230 3527 enarranda
1274 3468 1510 3531 carnali
1558 3467 1892 3555 fragilitate
1943 3470 2290 3539 manifesta

235 3583 612 3636 nosceretur
640 3591 657 3633 ε
694 3568 866 3653 quod
880 3578 946 3631 et
977 3565 1285 3631 Dominus
1315 3567 1553 3652 ubique
1584 3569 1777 3635 fidem
1804 3596 1981 3639 suam
2009 3590 2277 3665 praeten·

239 3675 338 3740 dit
386 3670 778 3746 homiuibus,
826 3691 1017 3758 quam
1056 3679 1121 3735 et
1172 3668 1306 3758 ipse
1336 3682 1480 3735 ante
1515 3672 1796 3749 dederat,
1834 3690 2180 3768 posteaque
2211 3684 2277 3748 in

239 3800 357 3845 sua
385 3776 717 3867 praesentia
745 3773 1254 3843 confirmaveram·
1278 3774 1606 3842 Cherubin
1632 3790 1844 3845 autem
1873 3793 1940 3845 et
1966 3781 2279 3874 Seraphin

237 3883 719 3975 quadriformia,
754 3880 820 3947 id
848 3893 970 3959 est,
1007 3879 1232 3960 leonis,
1257 3879 1464 3958 vituli,
1497 3880 1771 3951 hominis
1800 3897 1879 3960 et,
1899 3888 2154 3974 aquilae,
2190 3892 2281 3958 di-

316 4037 332 4062 ¹
358 4042 386 4074 ι
403 4022 516 4082 Cor.
541 4038 638 4108 ¹¹3»
653 4038 702 4088 9.
721 4047 780 4062 -
806 4034 829 4061 ¹
854 4018 1001 4072 ἔσθιε.
1026 4034 1066 4080 1,
1092 4017 1167 4069 ιδ.
