2982 4885
604 531 732 619 356
1273 548 1320 589 ι.
1374 546 1641 589 mcum
1686 542 1955 587 ,zerra-11

601 674 766 739 intra
807 693 934 735 suae
982 669 1219 733 viscera
1261 667 1556 753 colligere
1595 664 1954 737 charitatiS,
2000 675 2065 726 et
2094 661 2309 727 fovere
2355 666 2637 754 cupiant.

607 781 1078 862 Nonnunquam
1105 775 1260 837 adeo
1295 797 1358 836 sc
1383 772 1817 860 vilipendunt,
1849 782 1915 833 ut
1938 779 2147 856 pateat
2176 770 2499 835 neminem
2521 773 2642 838 sibi

599 907 736 949 esse
770 881 1127 947 inferiorem
1157 904 1175 953 ;
1205 878 1357 964 quin
1383 891 1445 941 et
1469 890 1823 966 postremos
1857 875 2143 939 omnium
2169 897 2235 938 se
2267 898 2404 941 esse
2435 878 2645 943 existi-

597 1003 795 1055 ment.
828 988 910 1052 Et
940 1008 1111 1050 nunc
1134 985 1391 1072 quidem
1434 980 1838 1048 inenarrabili
1881 980 2161 1067 absorpti
2187 994 2336 1045 sunt
2360 981 2638 1069 Spiritus

596 1094 829 1182 gaudio
861 1143 877 1168 ,
919 1113 1067 1155 mox
1100 1088 1291 1153 veluti
1339 1087 1559 1174 aliquis
1589 1109 1667 1150 ex
1698 1084 1966 1149 sortibus
1998 1084 2296 1148 heroibus
2329 1086 2493 1174 regia
2529 1087 2641 1151 in-

600 1200 792 1262 dutus
825 1206 1142 1261 armatura
1167 1192 1230 1256 in
1255 1192 1495 1255 bellum
1530 1190 1881 1261 descendit,
1913 1202 2101 1276 atque
2140 1188 2342 1253 hostes
2372 1188 2644 1278 propul-

600 1315 695 1367 sat
724 1327 741 1376 ;
783 1302 1082 1366 eumdem
1114 1298 1178 1361 iu
1216 1300 1479 1361 modum
1523 1308 1586 1359 et
1618 1295 1735 1383 ipsi
1770 1294 1959 1358 armis
1992 1292 2250 1382 Spiritus
2272 1294 2498 1392 muniti
2526 1297 2643 1360 in-

598 1406 872 1472 visibiles
905 1403 1280 1471 adoriuntur
1316 1400 1605 1467 inimicos
1625 1451 1642 1476 ,
1681 1423 1917 1489 eosque
1945 1399 2211 1487 propriis
2232 1402 2640 1468 *conculcant

598 1512 888 1600 pedibus
922 1510 1034 1577 Est
1057 1533 1204 1575 cum
1232 1508 1397 1597 ipsos
1420 1510 1621 1572 multa
1647 1507 1891 1570 circum
1916 1504 2313 1594 amplectitur
2333 1506 2644 1571 serenitas

597 1631 664 1683 et
694 1616 1136 1704 tranquillitas,
1165 1638 1410 1703 paxque
1440 1614 1610 1677 fovet
1641 1612 1849 1686 beata,
1885 1612 2206 1697 voluptate
2236 1608 2374 1673 imis
2405 1609 2470 1673 in
2489 1633 2645 1675 seu-

600 1725 776 1789 sibus
810 1722 1125 1788 delibutos
1157 1742 1413 1808 prorsus
1436 1717 1613 1782 mira.
1651 1717 1890 1781 Rursus
1920 1713 2259 1801 prudentia
2285 1761 2302 1787 ,
2337 1714 2639 1802 sapientia

601 1828 808 1893 divina
840 1838 905 1890 et
937 1823 1295 1913 cognitione
1335 1821 1603 1909 Spiritus
1648 1818 1950 1883 ineffabili
1996 1819 2308 1894 beantur,
2344 1833 2408 1884 et
2436 1832 2527 1884 tot
2561 1843 2634 1884 ac

599 1944 802 1998 tantas
835 1952 932 1993 res
978 1952 1010 1993 a
1057 1927 1254 2016 gratia
1301 1926 1533 1990 Christi
1572 1927 1951 1998 edocentur,
1995 1936 2066 1987 ut
2105 1926 2280 1990 nulla
2321 1925 2526 2015 lingua
2554 1950 2627 1991 ea

598 2034 793 2126 possit
830 2033 1026 2098 effari.'
1075 2032 1185 2095 Est
1215 2053 1366 2095 vero
1409 2032 1664 2117 quando
1700 2053 1828 2094 non
1875 2029 1978 2094 alii
2017 2052 2089 2095 ac
2133 2038 2301 2095 unus
2341 2056 2419 2097 ex
2450 2035 2631 2122 vulgo

600 2149 960 2228 appareant.
1005 2134 1111 2201 Sic
1143 2135 1552 2203 multifariam
1585 2134 1792 2201 divina
1824 2135 2019 2223 gratia
2054 2159 2119 2201 se
2152 2136 2353 2226 ipsam
2391 2138 2639 2215 varians,

600 2267 672 2307 ac
722 2242 1161 2330 multipliciter
1208 2241 1662 2306 transformans
1706 2264 2002 2307 exercere
2046 2242 2221 2315 vult,
2273 2266 2345 2306 ac
2393 2245 2629 2310 diverse

597 2347 909 2413 instrucre
950 2346 1250 2422 animam,
1277 2359 1350 2412 ut
1368 2345 1716 2434 perfectam
1751 2347 1951 2435 ipsam
1983 2346 2478 2424 immaculatam,
2510 2374 2636 2438 pu-

599 2453 909 2518 rissimam
942 2476 1133 2541 super
1163 2453 1402 2517 coelcsti
1439 2452 1616 2516 sistat
1637 2451 1918 2540 Spiritui.
2242 2455 2271 2478 ⁶

684 2559 819 2624 VII.
862 2559 939 2623 Hi
964 2581 1121 2646 quos
1145 2561 1334 2623 modo
1360 2558 1629 2623 diximus
1660 2558 1931 2648 Spiritus
1962 2560 2227 2626 effectus
2258 2584 2628 2650 magnorum

591 2664 906 2752 'graduum
942 2675 1121 2735 sunt,
1160 2674 1225 2725 et
1265 2662 1635 2748 perfectioni
1673 2664 2125 2752 proximorum.
2168 2667 2279 2731 11ae
2320 2665 2633 2755 siquidem

598 2770 857 2834 diversae
887 2765 1350 2830 consolationes
1373 2769 1588 2855 gratias
1607 2818 1624 2843 ,
1653 2769 2019 2836 differenter
2041 2772 2296 2858 quidem
2330 2786 2632 2839 caeterum

596 2871 1024 2937 indesinenter
1070 2871 1134 2934 in
1172 2869 1244 2935 iis
1283 2894 1317 2936 a
1362 2871 1602 2961 Spiritu
1634 2888 2045 2951 exercentur,
2087 2877 2451 2964 operatione
2484 2901 2638 2965 ope-

593 2976 903 3040 rationem
930 2974 1199 3063 Spiritus
1230 3000 1480 3066 semper
1502 2979 1875 3067 excipiente.
1907 2983 2175 3061 Quando
2197 2982 2366 3046 enim
2400 2982 2638 3070 aliquis

591 3082 668 3144 ad
693 3079 1154 3168 perfectionem
1184 3080 1454 3170 Spiritus
1483 3083 1865 3170 pervenerit,
1901 3087 2145 3151 cunctis
2172 3085 2455 3174 perfecte
2487 3110 2637 3177 per·

592 3185 1062 3251 turbationibus
1103 3199 1407 3275 purgatus
1434 3235 1452 3259 ,
1501 3198 1567 3251 et
1608 3200 1779 3254 totus
1823 3189 2148 3258 Paracleto
2193 3191 2462 3280 Spiritui
2514 3217 2632 3282 per
2702 3241 2719 3260 .

589 3289 973 3357 ineffabilem
1014 3291 1532 3357 communionem
1561 3294 1778 3360 unitus
1804 3322 1823 3371 ς
1860 3311 1924 3363 et
1958 3321 2103 3364 cum
2134 3300 2275 3387 ejus
2308 3301 2513 3368 anima
2545 3301 2629 3365 ad

585 3419 724 3461 eam
760 3410 972 3462 evecta
1007 3396 1432 3485 dignationem
1466 3397 1699 3476 suerit,
1736 3415 1808 3467 ut
1845 3393 2114 3492 Spiritus
2145 3407 2211 3471 et
2249 3406 2379 3495 ipsa
2417 3405 2523 3479 sit,
2558 3404 2627 3470 in

585 3521 784 3563 unum
823 3522 969 3562 cum
1005 3499 1241 3586 Spiritu
1287 3517 1585 3570 concreta
1616 3530 1633 3578 ς
1672 3519 1824 3572 tunc
1864 3521 2036 3576 totus
2076 3512 2223 3586 lux,
2269 3523 2428 3576 totus
2459 3531 2627 3596 gau-

575 3605 760 3668 dium
781 3652 799 3676 ‚
842 3615 1009 3669 totus
1041 3606 1317 3693 requies,
1354 3621 1524 3676 totus
1559 3611 1883 3688 exultatio,
1922 3623 2093 3680 totus
2124 3615 2417 3689 charitas,
2446 3624 2624 3680 totus

582 3709 906 3775 visceralis
930 3714 1307 3802 compassio,
1346 3727 1517 3804 totus
1541 3718 1812 3804 bonitas,
1843 3732 2011 3785 totus
2035 3723 2392 3810 benignitas
2418 3720 2523 3798 Εἰς
2558 3735 2631 3787 et

580 3815 762 3902 quasi
785 3817 1116 3907 absorptus
1147 3820 1549 3910 immergitur
1578 3821 1644 3914 in
1676 3823 1937 3890 virtutes
1968 3827 2267 3914 potentiae
2300 3827 2454 3891 ,boni
2490 3826 2631 3913 Spi-

579 3921 736 3986 ritus
771 3972 787 3997 ,
848 3923 1011 3988 sicut
1074 3925 1136 3988 in
1197 3924 1422 4011 abysso
1486 3927 1677 3992 maris
1738 3931 1895 4019 lapis
1957 3954 2115 4019 aqua
2172 3935 2626 4020 undecumque

573 4027 1088 4115 comprehensus.
1131 4029 1203 4094 In
1238 4029 1409 4095 hunc
1447 4030 1637 4121 igitur
1668 4036 1934 4100 modum
1975 4037 2133 4101 tales
2164 4035 2459 4104 homines
2491 4057 2625 4101 om-
