2982 4885
625 509 755 595 134
1290 499 1340 580 s.
1392 530 1658 580 ιιισιιιιι
1705 530 1979 580 aen-ru

616 651 759 720 lum
794 669 946 745 vero
974 660 1310 740 peccatum
1346 647 1644 739 suggerit,
1678 660 1753 714 ut
1779 645 1992 715 omnia
2024 648 2352 742 degustete
2384 643 2478 714 sic
2504 670 2658 738 quo-

619 777 743 845 que
783 753 989 822 anima
1022 750 1439 820 delectatione
1472 765 1656 844 capta
1694 766 2015 819 oneratur.
2053 749 2296 819 Montes
2327 753 2500 818 enim
2531 753 2658 822 ‹lir-

618 847 883 930 licinimi
914 874 1064 928 sunt
1092 858 1457 927 affectiones
1483 857 1627 937 illae,
1664 883 1936 949 quorum
1968 860 2034 925 in
2065 861 2275 925 medio
2307 861 2656 928 decurrunt

614 953 881 1035 flumina
929 968 1322 1043 draconum,
1367 988 1827 1031 venenosarum
1873 964 2149 1032 serarum
2191 987 2265 1032 ae
2306 965 2645 1056 reptilium.

614 1065 884 1141 Perinde
924 1095 1072 1139 vero
1105 1095 1177 1139 ac
1212 1071 1263 1136 si
1296 1071 1537 1137 balaena
1571 1071 1897 1137 hominem
1930 1072 2186 1137 devoret
2217 1070 2284 1137 in
2326 1083 2605 1138 ventrem
2617 1097 2645 1147 ,-

615 1178 707 1245 sic
734 1201 988 1268 quoque
1016 1188 1355 1267 peccatum
1382 1169 1680 1241 absorbet
1704 1173 1962 1242 animas.
1999 1172 2049 1241 F
2055 1181 2303 1246 lammoe
2326 1189 2473 1244 sunt
2495 1177 2651 1267 ignis

617 1279 908 1349 ardentes
937 1282 1059 1349 illae
1089 1275 1477 1358 affectiones,
1514 1292 1579 1347 et
1620 1281 1742 1347 tela
1771 1280 1920 1348 mali
1964 1280 2177 1371 ignita.
2231 1281 2445 1372 lnquit
2484 1284 2652 1352 enim

615 1377 991 1479 Apostolus:
1035 1415 1062 1450 ι
1086 1383 1169 1454 Ut
1204 1383 1454 1479 possitis
1487 1403 1602 1453 vos
1630 1385 1842 1453 omnia
1880 1387 2004 1453 tela
2040 1383 2186 1454 Mali
2227 1383 2422 1477 ignita
2449 1389 2653 1455 extim-

613 1521 640 1556 ι
657 1490 905 1582 guere¹.
929 1523 955 1558 ι
974 1483 1253 1561 Fovetur
1280 1494 1450 1561 enim
1486 1491 1736 1570 vitium,
1765 1514 1838 1559 ac
1874 1489 2370 1562 fundamentum
2384 1495 2559 1585 ponit
2581 1493 2652 1560 in

614 1621 847 1668 amma.

703 1691 806 1773 LI.
873 1699 1227 1770 Prudentes
1270 1715 1481 1769 autem
1528 1700 2487 1790 insurgentibusass'ectionibus
2523 1723 2653 1769 non

617 1805 1087 1894 obtemperant,
1114 1804 1227 1866 sed
1257 1800 1417 1866 iram
1445 1803 1817 1890 concipiunt
1842 1803 2139 1864 adversus
2158 1822 2381 1887 pravas
2414 1803 2662 1891 cupidi-

612 1915 794 1980 tates,
830 1915 1019 1991 atque
1046 1897 1261 1967 hostes
1294 1902 1390 1966 sui
1418 1903 1716 1967 evadunt.
1756 1900 2015 1966 Satanas
2052 1902 2224 1966 enim
2256 1902 2440 1968 valdo
2472 1908 2660 1993 cupit

612 2001 676 2075 in
709 2003 915 2075 anima
944 2005 1368 2096 requiescere.
1404 2027 1477 2072 ac
1510 2005 1721 2073 cubile
1743 2028 1929 2072 suum
1950 2005 2371 2080 constituere3
2400 2018 2469 2071 et
2488 2007 2655 2075 affli-

610 2110 782 2200 gitur
823 2128 897 2176 ac
941 2120 1299 2198 torquetur,
1341 2110 1596 2197 quando
1642 2133 1774 2176 non
1807 2109 2210 2199 obtemperat
2240 2109 2474 2176 anima.
2513 2111 2659 2181 Non

610 2228 825 2279 tamen
864 2215 1118 2292 desunt,
1163 2209 1272 2308 qui
1302 2215 1514 2282 divina
1542 2215 1776 2282 virtute
1807 2216 2242 2292 continentur,
2291 2201 2467 2303 quia,
2504 2238 2653 2288 cum

611 2317 866 2386 videant
889 2343 1037 2387 cum
1052 2320 1318 2387 muliere
1345 2317 2016 2398 adolescentem,‘licet
2037 2324 2329 2411 quasdam
2349 2321 2645 2412 cogitent,

609 2423 867 2495 illorum
890 2441 1105 2495 tamen
1126 2426 1367 2494 animus
1386 2453 1515 2495 non
1540 2428 1867 2517 polluitur,
1894 2451 2101 2517 neque
2124 2428 2294 2496 intus
2319 2439 2650 2517 peccatum

466 2562 469 2569 ’
508 2572 511 2575 -
610 2534 969 2601 committit.
1012 2532 1250 2603 Verum
1288 2537 1573 2599 nondum
1605 2533 1755 2598 huic
1788 2545 1884 2598 est
1916 2533 2265 2598 fidendum.
2307 2530 2471 2597 Sunt
2501 2554 2645 2599 vero

608 2637 736 2711 alii,
766 2640 830 2703 in
852 2640 1081 2724 quibus
1104 2638 1301 2703 libido
1324 2659 1580 2724 prorsus
1605 2636 1882 2698 extincta
1901 2646 2088 2717 atque
2114 2636 2386 2701 arefacta
2405 2648 2640 2704 cessat:

605 2760 827 2803 verum
857 2738 924 2806 hi
956 2726 1187 2826 gradus
1214 2750 1361 2802 sunt
1392 2757 1809 2800 summorum.
1845 2735 2406 2812 Quemadmodum
2436 2753 2645 2807 autem

600 2852 987 2925 mercatores
1032 2839 1187 2905 nudi
1231 2838 1295 2903 in
1340 2836 1733 2926 profundum
1776 2836 1995 2913 maris,
2038 2860 2112 2903 ac
2160 2855 2437 2907 mortem
2471 2865 2646 2931 aqua

608 2942 1024 3019 descendunt,
1064 2954 1138 3007 ut
1184 2941 1313 3006 illic
1346 2939 1666 3028 accipiant
1693 2940 2063 3029 margaritas
2097 2945 2177 3006 ad
2206 2964 2508 3007 coronam
2542 2969 2649 3012 re-

603 3051 796 3138 giam,
821 3059 885 3112 et
905 3067 1253 3136 purpuram
1283 3044 1684 3110 commodas:
1720 3045 1810 3110 sic
1843 3069 2121 3133 quoque,
2155 3046 2265 3133 qui
2296 3046 2646 3115 solitariam

600 3150 793 3216 vitam
821 3161 1051 3243 agunt,
1088 3151 1242 3216 nudi
1273 3162 1506 3216 exeunt
1536 3150 1802 3224 mundo,
1838 3161 1901 3215 et
1934 3150 1997 3216 in
2032 3149 2420 3240 profundum
2449 3155 2642 3225 maris

597 3254 877 3335 malitiae,
913 3269 1099 3346 atque
1129 3252 1194 3320 in
1202 3254 1526 3347 abyssum
1558 3256 1963 3322 tenebrarum
1997 3257 2419 3333 descendunt,
2448 3282 2486 3329 e
2516 3282 2640 3346 qua
2715 3321 2730 3335 ,

597 3373 857 3426 sumunt
888 3382 960 3429 ac
1001 3371 1323 3452 reportant
1355 3357 1666 3448 pretiosos
1697 3359 1977 3450 lapides,
2012 3373 2191 3450 aptos
2221 3360 2302 3427 ad
2334 3370 2636 3428 coronam

595 3454 870 3542 Christi,
907 3463 987 3530 ad
1013 3458 1369 3530 Ecclesiam
1403 3467 1766 3541 coelestem,
1805 3467 1884 3531 ad
1916 3468 2218 3532 saeculum
2247 3490 2520 3543 novum,
2555 3467 2637 3534 ad

580 3566 910 3667 cIVitatem
934 3562 1355 3659 splendidam,
1382 3580 1447 3635 et
1469 3571 1777 3660 populum
1803 3570 2179 3659 angelicum.

678 3666 809 3740 LII.
864 3666 1136 3740 Perinde
1167 3696 1320 3740 vero
1352 3697 1426 3740 ac
1457 3674 1523 3740 in
1553 3695 1849 3764 sagenam
1883 3676 2083 3739 multa
2106 3692 2337 3764 genera
2361 3654 2630 3781 piscium

579 3754 915 3853 meidunt,
972 3789 1039 3842 et
1088 3777 1298 3845 minus
1341 3774 1527 3849 utiles
1582 3779 1795 3845 denuo
1839 3777 2053 3845 statim
2096 3779 2162 3846 in
2206 3796 2381 3855 mare
2425 3772 2630 3870 proji-

568 3880 894 3996 ciuntur.
938 3883 1029 3950 sic
1059 3907 1315 3997 quoque
1343 3907 1573 3976 sagena
1614 3872 1833 3977 gratiae
1875 3907 2064 3975 super
2099 3909 2318 3959 omnes
2357 3892 2629 3978 expantb⁴

658 4020 881 4089 'prea
906 4038 958 4085 v,
989 4019 1073 4077 ιδ.
1156 4027 1161 4031 ’
